3160 5118
555 413 773 499 ..35..

66 609 191 698 coepit
225 619 304 677 ante
333 610 573 676 Demosthenis
608 610 835 675 adulescentis
871 609 983 674 studia
1017 605 1187 674 rhetorica
1215 614 1249 673 et

66 735 231 794 mortuus
259 750 332 793 esse
358 726 496 793 videtur
524 733 600 813 post
628 727 779 813 Philippi
809 726 949 792 obitum.
1010 725 1159 809 aequalis
1183 724 1251 789 fuit

64 843 235 910 Isocratis
258 844 449 930 Polycratis
475 843 602 908 Critiae
625 843 752 928 Lysiae
775 837 905 922 Isaei1).

396 1078 430 1160 d)
455 1077 501 1143 de
524 1077 651 1143 Zoilis
674 1077 923 1161 homonymis

67 1243 178 1307 agere
202 1221 289 1306 nolo,
316 1221 396 1307 quia
419 1242 537 1285 omnes
560 1242 579 1285 a
602 1221 698 1285 Zoilo
721 1219 1005 1305 Amphipolitano
1041 1218 1091 1282 ita
1126 1217 1251 1282 discer-

67 1345 216 1422 nuntur,
239 1343 277 1402 ut
300 1359 401 1402 nemo
424 1336 558 1402 illorum
584 1358 660 1401 cum
687 1336 752 1401 hoc
774 1336 883 1423 possit
907 1334 1080 1400 confundi.
1115 1355 1251 1398 enume-

67 1456 165 1519 ravit
190 1477 231 1518 ex
254 1455 411 1519 veterum
431 1452 529 1518 libris
552 1451 664 1516 Zoilos
688 1452 866 1516 Fabricius
890 1451 927 1516 in
950 1451 1030 1516 bibl.
1057 1449 1117 1515 Gr.
1142 1449 1209 1515 vol.
1233 1448 1251 1512 I

70 1571 138 1635 561
167 1592 217 1655 sq.
243 1569 295 1634 ed.
320 1569 463 1652 Harles,
489 1590 555 1654 quo
583 1567 708 1632 nititur
730 1568 840 1651 Pauly
863 1568 906 1633 R.
930 1567 970 1632 Ε.
996 1589 1022 1632 6.
1047 1590 1078 1632 v.
1105 1565 1254 1632 addendi

70 1692 158 1750 sunt
193 1685 282 1750 Zoili
316 1707 358 1749 ex
392 1684 672 1770 inscriptionibus
707 1683 795 1766 noti,
832 1684 890 1769 qui
927 1683 964 1746 in
1000 1682 1104 1749 OJGr
1139 1682 1252 1746 indice

69 1808 334 1887 componuntur.
385 1821 469 1884 quas
498 1821 574 1865 oum
602 1805 757 1863 accurate
781 1799 1014 1883 perlustarem,
1037 1793 1189 1878 inveni²l
1214 1798 1250 1862 in

69 1917 171 1983 omni
206 1917 296 1981 orbis
331 1923 498 1980 terrarum
520 1921 618 2001 parte
641 1914 729 1980 Zoili
752 1936 877 1979 nomen
900 1914 1065 1978 usitatum
1089 1913 1194 1978 fuisse
1218 1919 1252 1977 et

69 2034 233 2099 omnibus
256 2031 475 2118 temporibus.
522 2030 663 2096 minime
686 2053 798 2095 rarum
822 2029 885 2095 hoo
913 2051 1038 2094 nomen
1063 2038 1136 2095 erat
1161 2029 1250 2115 apud

68 2156 220 2216 veteres.

487 2323 518 2409 6)
547 2325 594 2391 de
617 2326 723 2392 Zoili
745 2326 840 2393 vita.

183 2470 298 2536 Zoilus
321 2470 517 2535 nominatur
540 2469 850 2557 Amphipolitanus,
886 2491 967 2552 ergo
1001 2476 1102 2534 natus
1138 2468 1249 2534 estin

72 2586 278 2673 Amphipoli
301 2587 399 2668 urbe;
434 2587 462 2651 si
487 2580 581 2647 θέσει
605 2608 728 2651 nomen
757 2586 819 2651 hoc
844 2586 875 2650 ei
898 2586 1064 2651 tributum
1090 2591 1188 2669 esset,
1213 2591 1252 2649 ut

71 2703 259 2787 Apollonio
287 2701 502 2768 Alexandreo
532 2726 552 2767 a
578 2701 701 2767 Rhodo
735 2702 855 2786 insula,
891 2703 1044 2767 futurum
1073 2724 1145 2767 esse
1168 2708 1251 2788 puto

74 2828 117 2883 111
150 2817 213 2883 hao
249 2817 291 2884 de
324 2841 361 2883 re
396 2817 486 2905 apud
521 2818 661 2884 Suidam
696 2818 826 2904 aliquid
860 2817 1059 2904 proderetur
1093 2817 1251 2897 (utar.

72 2925 310 3018 Ἀρίσταρχος).
350 2941 384 3000 61
399 2934 544 3020 legimus
562 2935 651 3020 apud
668 2933 897 3019 Porphyrium
914 2931 993 3016 (29),
1017 2927 1100 3014 γένει
1117 2933 1251 3000 Zoilum

76 3072 152 3115 esse
174 3050 503 3136 Amphipolitanum.
603 3037 606 3044 ¹

186 3166 371 3251 Dionysius
388 3165 435 3250 (3)
452 3167 614 3231 intereos
631 3174 790 3246 oratores,
807 3171 865 3251 qui
881 3172 919 3230 ut
935 3160 1090 3250 Lysias³)
1111 3164 1247 3230 dicendi

76 3303 187 3367 genus
211 3277 367 3364 6111111161)
402 3272 539 3363 (ἰσχνόν)
574 3283 694 3347 sectati
718 3283 797 3364 sint,
834 3288 1010 3346 enumerat
1034 3281 1248 3365 Polycratem

77 3405 113 3462 61
134 3397 278 3462 Zoilum.
336 3399 470 3463 eosdem
507 3397 685 3482 coniungit
708 3397 895 3483 Dionysius
930 3397 1058 3462 locon.
1084 3396 1105 3459 5
1130 3403 1248 3462 notato

77 3519 114 3577 et
141 3513 262 3578 Suidas
297 3536 322 3578 6.
346 3537 378 3580 v.
408 3507 636 3598 Δημοσθένης.
696 3520 826 3578 certum
861 3534 951 3597 ergo,
989 3513 1123 3578 Zoilum
1157 3513 1249 3577 idem

77 3651 185 3714 genus
210 3629 347 3694 dicendi
364 3631 505 3695 coluisse
522 3630 612 3715 quod
628 3631 834 3715 Polycrates.
882 3629 1080 3714 Polycrates
1099 3629 1249 3694 Busirim

77 3745 239 3828 laudavit,
257 3745 372 3810 Zoilus
384 3745 648 3832 Polyphemum3
665 3746 781 3830 itaque
797 3743 1017 3808 Philodemus
1031 3743 1100 3828 (40)
1118 3745 1250 3810 Zoilum

77 3862 358 3947 Polycratemque
382 3883 487 3947 aeque
503 3861 732 3947 reprehendit.
770 3861 821 3926 nil
837 3881 898 3924 nos
914 3861 1082 3946 prohibet,
1107 3861 1249 3927 Aeliano

78 3975 213 4041 credere
249 3977 388 4059 dicenti,
427 3977 560 4043 Zoilum
594 3977 784 4063 Polycratis
820 3975 1026 4061 discipulum
1060 3968 1249 4062 (ἀκουστήν)

90 4198 93 4204 “
183 4185 211 4257 1)
230 4188 274 4242 'Ph
285 4189 382 4259 Bergk
400 4187 475 4244 falso
494 4189 608 4244 Zoilum
627 4187 835 4244 diadochorum
856 4189 945 4244 aetati
964 4190 1075 4246 tribuit.
1110 4190 1158 4245 Gr.
1179 4190 1249 4245 Litt.

79 4277 178 4333 Gesch.
192 4277 234 4332 IV
247 4277 309 4347 352,
322 4279 365 4332 62.
386 4309 419 4316 —
438 4279 466 4347 2)
486 4278 536 4333 sed
552 4277 755 4349 inscriptiones
768 4279 825 4332 huc
837 4279 999 4334 adscribere
1015 4280 1134 4350 longum
1149 4285 1199 4334 est.
1222 4310 1249 4318 —

78 4367 106 4436 3)
124 4367 159 4422 of.
178 4367 291 4422 Hardio
309 4368 327 4421 l.
339 4386 361 4423 c.
372 4386 398 4439 p.
410 4367 559 4422 181-183.
581 4400 614 4407 -
634 4370 662 4434 4)
682 4367 740 4423 Cic.
756 4385 796 4422 or.
807 4368 850 4422 76.
869 4368 989 4440 Dionys.
1010 4369 1075 4426 Hal.
1095 4369 1130 4422 de
1148 4368 1249 4424 admir.

79 4459 107 4514 vi
127 4457 207 4512 Dem.
227 4477 254 4531 p.
273 4458 334 4512 207.
373 4458 536 4513 Volkmann
556 4459 698 4514 Rhetorik
718 4460 796 4528 1812τ
817 4478 842 4530 p.
862 4459 916 4512 454
934 4476 994 4530 sqq.
