3160 5118
586 407 783 473 ...9-

100 578 248 670 Κριτίου,
273 579 330 648 καί
354 581 432 672 περί
456 582 585 650 Ζωΐλου
609 576 722 661 τιςδν
745 579 853 649 εἰπεῖν
880 578 958 664 ἐχοι,
988 576 1077 670 πλήν
1100 573 1179 647 ὅσον
1200 579 1271 659 τοῖς

97 701 298 788 χαρακτῆρσι
321 704 379 788 τής
402 695 572 790 ἑρμηνείας
595 695 846 765 διαλλάττουσιν
869 691 1019 788 άλλήλων
1036 750 1043 762 .
1062 749 1070 762 .
1088 749 1095 762 .

229 931 231 936 -
674 885 696 948 4

206 998 373 1084 Dionys,
399 999 509 1064 Halia.
533 1022 586 1085 ep.
611 998 654 1065 ad
676 999 796 1085 Pomp.
812 999 863 1064 VI
873 998 937 1062 752
953 999 1011 1092 R
1036 990 1065 1058 εί
1087 991 1147 1074 μέν
1169 987 1271 1076 ἐστιῑ)

101 1135 162 1193 μοι
179 1104 264 1175 κατά
281 1106 462 1188 Πλάτωνος
478 1105 574 1198 λύγος
589 1136 649 1190 τις,
673 1106 883 1199 καταδρομήν
902 1107 1063 1197 περιέχων
1074 1091 1141 1174 ’τοῦ
1156 1101 1273 1195 άνδρδς

102 1219 215 1313 αῖσπερ
238 1225 357 1311 Ζωΐλῳ
381 1229 429 1312 τῷ
452 1221 574 1314 ῥήτορι,
605 1220 735 1311 ἀσεβεῖν
759 1221 911 1312 ὁμολογιῦ
933 1277 1045 1290 .....
1071 1217 1107 1289 ού
1136 1220 1196 1307 γάρ
1220 1216 1272 1288 ῦτι

101 1337 263 1426 διαβολάς
287 1337 401 1423 οῖόμαι
426 1342 494 1406 δεῖν
517 1337 654 1430 γράφειν
677 1341 711 1406 ἐν
734 1336 857 1423 αὐτοῖς,
886 1334 955 1406 ἀλλ’
983 1333 1050 1406 οὐδ’
1077 1333 1271 1426 τ’τπολογίας.

101 1455 131 1523 εί
156 1455 193 1523 δέ
213 1461 421 1546 χαρακτῆρας
444 1453 541 1542 λόγου
565 1454 786 1546 προελόμενος
809 1461 948 1523 σκοπεῖν
970 1457 1039 1522 κτλ.

207 1577 376 1662 p.757R.:
390 1565 513 1639 ''Enetv'
531 1567 738 1660 ούδέἐμιόνος
751 1567 826 1639 οῦδέ
838 1576 971 1661 πρῶτος
984 1569 1074 1658 ἐγιδῧ)
1082 1569 1273 1662 φανήσομαι

100 1687 181 1777 περὶ
209 1683 390 1766 Πλάτωνος
417 1685 630 1779 ἐπιχειρήσας
657 1715 690 1754 τι
714 1687 827 1775 λέγειν.
875 1681 941 1754 οῦδ
973 1680 1013 1754 άν
1034 1714 1086 1766 τις
1109 1683 1177 1769 ἐχοι
1201 1695 1272 1752 κατ’

101 1797 182 1870 αύτδ
209 1805 308 1870 τοῦτο
336 1802 542 1892 μέμψασθαί
575 1830 617 1888 με
644 1800 682 1870 τὸ
711 1803 820 1892 μέρος,
845 1798 897 1887 δτι
925 1800 982 1870 τδν
1010 1802 1275 1892 ἐπιφανέστατον

103 1924 171 1985 τιῦν
194 1915 389 2009 φιλοσόφων
411 1918 468 1986 καὶ
492 1917 646 1986 πλείοσιν
669 1913 691 2010 ἢ
714 1916 842 1986 δώδεκα
865 1924 989 2005 γενεαῖς
1009 1918 1151 2002 ἐμαυτοῦ
1171 1941 1273 2006 πρεσ-

101 2031 246 2123 βύτερον,
271 2031 432 2114 ἐξετάζειν
459 2032 679 2125 ἐπεβαλόμην,
710 2030 754 2115 [ὃς
782 2033 822 2126 δή
851 2033 907 2101 διδ
936 2038 1034 2101 τοῦτο
1063 2029 1159 2122 δόξης
1186 2058 1274 2112 τινος

13 2173 16 2180 ’
103 2147 302 2234 τευξόμενος.
349 2149 474 2217 πολλοὶ
497 2147 558 2238 γάρ
581 2145 817 2241 εὑρεθήσονται
841 2148 908 2240 πρδ
932 2151 1012 2234 ἐμοῦ
1032 2154 1130 2217 τοῦτο
1146 2175 1273 2216 πεποι-

101 2263 226 2358 ηκότες,
252 2263 284 2333 οῖ
306 2265 367 2350 μέν
388 2263 473 2332 κατὰ
496 2263 554 2334 τδν
577 2265 700 2334 ἐκείνου
729 2264 894 2355 γενόμενοι
920 2262 1043 2354 χρόνον,
1079 2263 1110 2331 οῖ
1142 2266 1178 2332 δέ
1201 2263 1275 2331 λίαν

101 2377 235 2471 ῦστερον
262 2379 524 2466 ἐπακμάσαντες.
571 2382 629 2450 καὶ
657 2380 717 2471 γάρ
745 2381 787 2449 τά
816 2385 965 2470 δόγμα-τα
993 2382 1146 2466 διέβαλον
1174 2375 1275 2449 αὐτοῦ

100 2524 187 2579 τινες
214 2497 271 2565 καὶ
293 2495 370 2578 τοδς
393 2496 510 2586 λόγους
533 2498 740 2586 ἐμέμψαντο·
769 2503 903 2588 πρῶτον
929 2498 989 2581 μέν
1013 2492 1030 2564 ὃ
1054 2495 1275 2588 γνησιώτατος

101 2609 203 2682 αὐτοῦ
225 2611 381 2705 μαθητής
404 2610 642 2706 Ἀριστοτέλης,
667 2612 786 2682 ἔπειτα
817 2613 848 2682 οῖ
873 2614 952 2703 περὶ
975 2611 1217 2705 Κηφισόδωρόν
1239 2641 1275 2684 τε

100 2731 158 2798 καὶ
187 2727 394 2815 Θεόπομπον
417 2731 474 2799 καί
498 2732 627 2798 Ζωίλου
649 2731 706 2798 καί
726 2725 980 2814 Ἱπποδάμαντα
1002 2730 1060 2797 καί
1084 2728 1274 2822 Δημήτριον

100 2847 158 2914 καὶ
188 2839 283 2914 άλλοι
312 2845 432 2930 συχνοί,
463 2843 500 2914 οὗ
529 2845 585 2914 διά
621 2844 750 2938 φθόνον
784 2843 806 2939 ή
840 2844 897 2913 διδ
935 2844 1275 2938 φιλαπεχθημοσύνην

100 2965 342 3051 κωμῳδοῦντες,
374 2957 459 3030 ἄλλά
493 2962 553 3054 τήν
581 2959 745 3054 άλήθειαν
773 2960 985 3044 ἐξετάζοντες.
1032 2962 1203 3043 τοσούτοις
1234 2961 1273 3054 δή

100 3079 158 3147 καὶ
192 3076 399 3170 τηλικούτοις
434 3074 571 3169 ἀνδράσι
605 3077 853 3169 παραδείγμασι
892 3076 1055 3168 χρώμενος
1088 3079 1146 3146 καί
1181 3076 1274 3167 παρά

100 3191 231 3274 πάντας
253 3199 300 3282 τῷ
324 3191 467 3282 μεγίστην
491 3193 649 3261 Πλάτωνι
673 3189 767 3262 ούδέν
790 3190 936 3286 ἡγούμην
957 3197 1026 3262 κτλ.

675 3372 696 3435 5

208 3486 374 3570 Dionys.
410 3486 488 3552 Hal.
522 3486 563 3550 de
596 3488 633 3551 vi
660 3489 755 3554 Dem.
790 3511 817 3552 0.
846 3487 879 3569 8,
907 3487 957 3553 VI
985 3488 1052 3552 974
1079 3489 1136 3552 R.:
1170 3475 1273 3547 Ἀλλδ

101 3596 236 3685 γάρ...
282 3593 449 3663 Πλάτωνα
471 3597 531 3681 μὲν
554 3595 651 3680 ἐάσω,
680 3594 887 3686 πορεύσομαι
917 3591 944 3664 δ’
975 3597 1035 3664 ἐπί
1059 3595 1115 3664 τὸν
1138 3602 1272 3687 Λημοσ-

100 3713 210 3803 θένην,
237 3699 275 3779 οῦ
303 3710 343 3803 δή
371 3709 466 3801 χάριν
488 3710 566 3792 τούς
588 3715 794 3804 χαρακτῆρας
816 3719 875 3804 της
898 3714 1023 3796 λέξεως,
1049 3706 1104 3792 οῦς
1128 3709 1274 3804 ἡγούμην

101 3823 185 3896 εῖναι
208 3826 410 3916 κρατίστους,
435 3829 492 3895 καί
515 3826 591 3908 τούς
615 3827 891 3909 δυναστεύσαντας
918 3831 952 3896 ἐν
975 3825 1088 3908 αὐτοῖς
1109 3837 1272 3921 κατηριθ-

99 3941 266 4035 μησάμην,
303 3938 360 4026 οὐχ
395 3939 556 4024 ἅπαντας.
613 3939 743 4035 Ἀντιφι

209 4163 237 4228 l)
266 4161 385 4232 Usener,
412 4164 472 4214 ἐστι’
498 4163 578 4218 codd.
608 4194 641 4201 —
668 4163 696 4231 2)
725 4157 757 4216 οὐ
781 4182 845 4219 oum
871 4165 1068 4220 Herwerdeno
1087 4165 1207 4219 Usener.
1238 4196 1269 4204 —-

99 4251 128 4321 3)
157 4245 367 4323 ἐπιφανήσοματ
387 4251 501 4308 Reiske.
528 4282 558 4290 -
587 4251 615 4318 4)
648 4245 728 4307 Θεόδ.
748 4257 795 4305 καὶ
815 4256 987 4325 Πολυκρικαὶ
1006 4247 1182 4324 Πολυκράτης
1200 4255 1270 4318 cod„

103 4343 134 4394 Θ.
154 4345 201 4393 καὶ
221 4335 396 4412 Πολυκράτης
410 4345 456 4393 καὶ
472 4347 585 4412 Κριτίας
598 4342 725 4413 Sylburg
738 4360 773 4396 ex
787 4343 870 4400 Dion.
887 4344 952 4397 Hal.
968 4345 994 4398 V
1006 4344 1058 4397 627
1068 4344 1107 4410 R3
1128 4342 1209 4396 Θεοδ.
1223 4347 1270 4397 καὶ

100 4437 216 4508 Κριτίας
234 4434 281 4483 καὶ
301 4425 476 4509 Πολυκράτης
494 4432 591 4496 mendi
611 4450 724 4496 causam
746 4431 847 4498 melius
866 4432 998 4514 explicat,
