3160 5118
568 419 785 482 ..45„.

76 587 159 675 ὅτις
188 597 292 659 ταῦτα
317 593 352 660 δὲ
375 591 501 660 πάντα.
528 646 534 659 .
560 589 578 659 ὁ
601 591 746 684 ποιητὴς
770 588 882 672 αὐτὸς.
910 643 916 656 .
942 585 1125 657 ἐπελύσατο
1154 601 1189 660 et
1216 595 1260 661 si-

76 715 194 780 milia.
233 716 322 781 Zoili
339 738 420 801 ergo
444 738 528 801 quse
552 715 738 800 praemissa
761 720 851 796 sunt,
877 718 957 778 sunt
980 701 1122 796 ἀπορίαι
1139 714 1194 779 vel
1210 707 1260 772 ἑν-

77 823 232 916 στάσεις,
258 854 343 916 quae
366 832 541 898 solvantur
564 830 832 916 agrammatiois
855 831 912 915 qui
929 828 1090 895 dicuntur
1106 825 1259 902 λυτικοῖς.

78 947 181 1013 Zoili
216 949 251 1013 id
286 948 460 1034 proprium
484 970 557 1013 esse
580 947 727 1030 videtur,
763 947 852 1032 quod
878 945 1092 1032 quaestiones
1120 967 1197 1010 suas
1224 945 1262 1010 in

78 1064 314 1130 accusationis
338 1066 482 1133 formam
505 1069 637 1129 acutam
662 1069 763 1148 atque
779 1085 929 1148 pressam
949 1062 1122 1146 redigeret
1138 1083 1261 1147 easque

81 1182 127 1245 in
152 1203 221 1246 uno
239 1180 330 1245 libro
353 1181 410 1245 vel
432 1181 469 1244 in
492 1202 561 1245 uns
585 1180 735 1246 oratione
759 1179 941 1244 artificiose
965 1184 1190 1264 componeret.

199 1295 266 1362 Sed
301 1297 374 1360 sive
402 1297 534 1362 Zoilum
567 1296 675 1361 risum
702 1318 839 1361 movere
873 1295 1020 1361 voluisse
1055 1300 1154 1381 putas
1189 1295 1262 1360 sive

84 1409 295 1486 ἕνστατικοῖς
323 1435 400 1478 eum
427 1412 548 1478 inseris
577 1420 611 1477 et
638 1418 773 1499 praeter
802 1417 930 1477 ceteros
963 1433 1074 1497 neque
1106 1433 1262 1496 peccasse

85 1552 202 1614 neque
230 1529 375 1594 eluxisse
404 1551 519 1594 censes
527 1524 552 1607 1)
580 1565 622 1576 -·
651 1551 720 1594 non
747 1527 874 1612 licebit,
906 1535 945 1593 ut
973 1531 1102 1613 opinor,
1134 1526 1262 1593 rabiem

87 1644 263 1732 quandam
287 1645 374 1711 Zoili
397 1645 592 1731 vituperare
615 1652 650 1710 et
674 1645 716 1710 de
743 1644 875 1710 invidia
898 1644 988 1710 Zoili
1015 1643 1109 1729 loqui
1137 1644 1192 1710 vel
1207 1642 1263 1734 ,de

86 1760 206 1827 studio
238 1761 310 1826 eius
342 1762 435 1827 viros
467 1761 715 1827 illustrissimos
750 1761 871 1827 erroris
900 1759 1127 1826 convincendi
1156 1781 1262 1845 eoque

87 1878 235 1963 gloriam
249 1877 485 1962 consequendi.
494 1872 519 1954 2)
555 1877 720 1962 valdeque
736 1877 849 1962 mirer,
867 1876 1062 1943 huiusmodi
1074 1875 1263 1941 sententiae

88 2018 110 2059 a
126 1993 269 2058 Lehrsic
285 1999 434 2059 remotae
450 1992 540 2079 apud
557 1989 777 2077 Oinissiumss)
793 1994 966 2059 residuum
986 1993 1145 2060 inveniri.
1191 2013 1263 2060 rec·

88 2117 162 2175 tam
179 2109 381 2176 sententiam
403 2110 471 2175 iam
486 2105 629 2192 Lauer4)
645 2111 816 2198 professus
838 2117 900 2194 est,
924 2133 1001 2176 cum
1017 2109 1158 2175 diceret:
1185 2109 1264 2192 ,Der

89 2225 243 2292 lebhalte
267 2225 525 2310 Widerspruch,
554 2226 621 2292 den
647 2227 703 2291 die
726 2227 764 2291 in
792 2226 903 2292 dieser
926 2226 1057 2292 Schrift
1084 2216 1182 2308 (κατὰ
1206 2222 1264 2309 τῆς

88 2341 151 2404 τοῦ
165 2415 166 2418 ¹
179 2331 324 2428 Ὁμήρου
348 2333 527 2427 ποιήσειας)
569 2343 696 2428 gefibte
719 2343 839 2408 Kritilr
877 2343 974 2426 land,
1016 2343 1130 2407 durfte
1165 2341 1264 2406 dafur

90 2457 267 2543 sprechen,
303 2458 378 2524 dass
414 2459 462 2524 sie
496 2458 592 2525 nicht
620 2481 656 2524 so
683 2481 770 2544 ganz
799 2457 1039 2544 unbegriindet
1067 2478 1149 2540 war;
1186 2457 1264 2522 dass

91 2574 143 2640 sie
166 2573 321 2639 wirklich
343 2574 563 2642 vorhandene
586 2574 887 2661 Anstdssigkeiten
910 2573 1111 2658 hervorhob,
1136 2573 1264 2638 welche

91 2691 153 2755 der
176 2685 355 2776 ‘damalige
391 2691 612 2784 Standpunkt
647 2690 706 2756 der
739 2691 975 2756 homerischen
1012 2689 1157 2756 Studien
1195 2711 1264 2756 von

90 2807 187 2871 einer
213 2806 474 2873 versdhnenden
498 2808 591 2873 Seite
625 2808 723 2874 nicht
757 2831 800 2873 zu
834 2806 1034 2873 betraohten
1057 2806 1262 2872 vermochte.

88 2924 134 2987 ln
158 2922 268 2989 dieser
290 2923 491 3009 Beziehung
525 2924 618 2990 kann
647 2924 714 2989 den
741 2925 777 2990 Z.
809 2924 889 2989 hein
912 2934 1083 3009 grosserer
1106 2923 1265 2990 Vorwurf

88 3039 214 3104 treffen
238 3040 287 3105 als
311 3041 375 3105 alle
398 3041 558 3121 anderen,
584 3029 639 3106 die
662 3062 733 3124 vor,
762 3041 874 3106 neben
896 3041 968 3106 und
992 3039 1079 3105 nach
1102 3040 1174 3105 ihm
1189 3039 1263 3105 ihre

89 3154 280 3222 Bedenhen
313 3156 397 3222 iiber
433 3157 505 3221 dies
537 3155 608 3221 und
639 3156 737 3243 jenes
771 3157 809 3223 in
844 3156 910 3221 den
934 3155 1169 3222 homerischen
1193 3156 1263 3222 Ge-

89 3271 233 3337 dichten
249 3274 308 3337 aui
323 3273 424 3338 hcine
440 3273 575 3338 bessere
592 3271 657 3340 Art
674 3273 850 3338 motiviert
866 3274 937 3338 und
953 3272 1117 3358 beseitigt
1130 3269 1263 3338 haben‘.

199 3389 312 3471 Nunc,
352 3373 560 3475 temporibus
599 3390 668 3454 illis
707 3389 829 3474 quibus
863 3390 979 3454 Zoilus
1016 3389 1105 3455 vixit
1143 3389 1264 3454 melius

89 3503 240 3589 cognitis
264 3511 366 3589 atque
388 3504 585 3590 perquisitis
612 3528 712 3590 quam
736 3511 848 3570 aetate
872 3505 1066 3588 Hardionis,
1091 3505 1263 3570 neminem

88 3622 164 3685 fore
193 3630 286 3706 puto,
323 3620 381 3706 qui
416 3621 498 3685 talia
527 3620 640 3686 studia
663 3620 845 3686 Homerica
873 3644 949 3687 cum
976 3620 1122 3686 rhetoris
1150 3621 1264 3688 officio

89 3735 266 3801 conciliari
288 3757 386 3822 posse
409 3742 513 3820 neget
537 3759 643 3822 eaque
667 3735 709 3801 de
726 3758 825 3802 causa
848 3737 982 3802 Zoilum
998 3738 1164 3802 illustrem
1188 3738 1264 3803 rhe-

88 3860 201 3918 torem
230 3858 265 3916 et
287 3852 419 3917 Zoilum
443 3853 741 3937 Homeromastiga
770 3854 965 3918 constituat.
1023 3854 1220 3938 Polycrates
1245 3878 1264 3919 a

199 4089 226 4157 1)
244 4096 278 4144 ut
296 4089 427 4145 Blassius
446 4110 473 4162 p.
492 4092 552 4147 349.
581 4122 614 4130 —
643 4091 670 4159 2)
710 4090 908 4163 tSpindlerus
926 4097 1025 4146 censet
1042 4111 1069 4160 p.
1089 4093 1124 4146 22
1143 4109 1203 4163 sqq.
1230 4123 1260 4131 -

87 4179 117 4246 3)
137 4179 186 4234 Gr.
206 4179 277 4233 Litt.
291 4177 408 4234 sesols
425 4199 452 4251 p.
468 4182 515 4234 55:
535 4181 656 4250 „Einige
675 4181 783 4251 gingen
803 4180 887 4236 dabei
906 4180 948 4234 bis
967 4200 1019 4234 zur
1032 4179 1145 4236 offensu
1159 4181 1263 4236 Feind·

87 4267 225 4340 seligkeit
252 4286 345 4340 gegen
364 4269 482 4338 Homer,
508 4270 563 4326 wie
582 4271 777 4340 Xenophanes
795 4288 853 4325 von
872 4271 1026 4341 Kolophon
1047 4310 1053 4324 .
1074 4312 1080 4324 .
1099 4312 1105 4326 .
1135 4271 1195 4326 und
1214 4271 1264 4327 der

87 4356 210 4430 Saphist
227 4358 331 4428 Zoilos,
351 4359 402 4415 der
419 4377 477 4414 von
496 4358 590 4414 seiner
607 4359 740 4414 Polemik
767 4359 824 4415 den
853 4359 1009 4418 Beinameu
1028 4360 1263 4422 Homeromastix

88 4446 220 4510 erhielt.“
241 4476 273 4486 -
292 4450 322 4517 4)
340 4448 443 4512 Gesch.
462 4447 513 4508 der
531 4449 608 4510 hom.
627 4448 729 4510 Possis
747 4468 774 4524 p.
793 4449 837 4510 39.
