3160 5118
579 442 796 506 ..79-

102 619 162 681 ισῦ
190 609 375 698 Ἀχιλλέως.
423 614 479 681 καὶ
503 612 590 704 πρὸς
612 613 671 698 μὲν
695 606 859 703 ἀλήθειαν
881 616 985 678 ταῦτα
1010 606 1047 678 ori
1073 605 1208 677 πιθανά
1232 652 1273 662 —-

102 728 137 796 τί
160 728 220 819 γὰρ
244 727 424 820 ἐπράττετο
448 731 527 820 περὶ
549 726 625 810 τούς
641 723 759 808 iit-icoc
775 725 995 817 σιρατιιόνας,·
1019 722 1190 794 ἀπίθανον
1214 723 1274 814 γὰρ

101 844 203 930 μόνον
229 844 286 913 τὸν
311 841 463 930 Ἀχιλλέα
491 841 559 913 ὑπὸ
589 851 647 913 τοῦ
676 850 832 929 nocuum]
861 848 964 911 ταῦτα
993 840 1134 926 πάσχειν
1158 883 1198 894 -
1230 836 1275 922 ὡς

102 963 139 1029 δὲ
162 962 197 1028 ἐν
219 960 355 1053 ποιήσει
379 961 614 1051 marcescat
639 967 709 1033 ΤΒ.
736 1004 775 1012 —-
796 965 905 1033 9588
927 955 1028 1050 (ἀμφὶ
1045 960 1082 1027 δέ
1096 987 1153 1044 μιν
1169 963 1275 1050 φᾶρος

102 1076 205 1145 καλὸν
227 1076 330 1164 βόλον
353 1074 411 1170 ἡδὲ
432 1083 570 1165 χιτῶνα)
594 1072 646 1145 ὅτι
671 1075 737 1145 ἔδει
759 1081 892 1167 χιτῶνα,
917 1071 988 1144 εἶτα
1005 1080 1120 1167 φᾶρος.
1145 1076 1214 1158 Α.)
1233 1117 1273 1126 -

102 1201 251 1266 medicos
275 1202 413 1288 sapiunt
436 1200 518 1265 haec
534 1200 661 1266 scholia
677 1199 757 1267 duo:
782 1200 895 1265 11315
919 1197 1153 1284 (Amphialum
1168 1197 1273 1262 femo-

101 1317 149 1380 ris
185 1316 345 1382 musculis
380 1317 596 1382 vulneratum
631 1308 748 1390 σκότος
784 1304 860 1378 ὅσσε
894 1305 1051 1398 κάλυψεν)
1086 1307 1274 1397 μέμφονται

103 1426 249 1513 λέγοντες
272 1423 332 1506 τὰς
355 1424 441 1516 πρὸς
464 1424 540 1506 σούς
562 1430 624 1511 μῦς
646 1424 778 1516 πληγὰς
801 1421 989 1504 ἑπισδύνοσς
1011 1424 1080 1509 μέν,
1103 1422 1150 1514 μὴ
1166 1430 1274 1489 θανα-

103 1540 219 1626 σίμους
243 1541 278 1608 δὲ
302 1540 358 1608 δια
386 1539 424 1609 co*
447 1540 526 1634 urii)
561 1539 772 1626 σινσῖπιειν4)
806 1541 872 1607 τινὶ
899 1545 964 1607 τῶν
987 1539 1137 1630 καιρίων·
1163 1544 1274 1631 (sequ-

102 1671 207 1728 untur
229 1664 413 1730 solutiones
435 1663 607 1745 medicae).
654 1665 724 1746 ΤΒ,
749 1663 843 1729 Schr.
868 1663 978 1728 1214.
1025 1668 1060 1728 et
1085 1660 1194 1728 9420
1217 1653 1275 1721 σύν

102 1769 130 1840 δ’
157 1773 251 1840 ἕλκεα
279 1771 391 1840 πάντα
425 1778 612 1862 (Hectoris)
646 1774 798 1865 μέμυκεν]
826 1769 1030 1862 παράδοξον·
1066 1770 1108 1839 ια
1130 1772 1190 1857 μὲν
1214 1769 1273 1859 γὰρ

102 1895 168 1956 τῶν
191 1886 320 1970 ζώντων
348 1889 424 1980 ἕλκη
453 1887 537 1974 parc
566 1887 714 1956 θάνατον
737 1886 889 1976 γινόμενα
913 1885 1068 1979 σήπεται.
1116 1883 1275 1955 ἀδύνατον

102 2009 222 2093 νικρῶν
254 2003 426 2093 τραύματα
460 2003 562 2090 μύειν,
599 2000 644 2085 ὥς
678 2028 780 2096 φησιν
813 2001 1042 2096 Ἀριστοτέλης
1050 2006 1077 2094 5)
1112 2003 1274 2094 εἰρηκέναι

96 2116 243 2212 Ὅμηρον
276 2127 396 2207 „periura
430 2122 466 2188 δὲ
504 2121 583 2211 περὶ
620 2116 787 2211 βρονόεσσ)
829 2116 982 2212 ὠιειλή.“
1036 2125 1133 2188 τοῦτο
1169 2121 1205 2187 δὲ
1235 2117 1273 2187 τὸ

102 2232 291 2328 ἡμισιίχιον
314 2233 390 2305 οὐδὲ
413 2238 558 2329 φέρεται.
606 2245 644 2309 Τ.
671 2266 737 2329 quo
761 2243 803 2309 de
827 2244 954 2309 scholio
980 2245 1022 2310 cf.
1048 2243 1142 2310 Schr.
1166 2241 1272 2309 Iuro.

657 2574 719 2640 ΠΙ.

209 2710 380 2775 Postremi
423 2709 575 2774 omnium
613 2709 755 2774 Homcri
793 2709 1018 2795 interpretum
1058 2709 1272 2792 exstiterunt,

104 2827 163 2912 qui
198 2825 346 2891 sermoni
380 2826 452 2890 eius
481 2827 669 2892 accuratius
698 2825 873 2891 tractando
898 2847 1033 2911 operam
1056 2825 1274 2910 studiumque
1356 2830 1361 2840 '

103 2921 284 3008 navarent:
320 2965 399 3007 nam
434 2948 514 3007 ante
549 2943 739 3008 Stoicorum
768 2948 915 3008 aetatem
943 2940 1033 3007 haud
1056 2942 1105 3006 ita
1128 2942 1273 3006 multum

103 3058 146 3123 ad
179 3058 334 3144 linguam
368 3059 476 3144 ipsam
512 3058 781 3144 cognoscendam
816 3058 947 3123 animos
982 3059 1131 3123 intentos
1167 3058 1273 3123 fuisse

104 3175 180 3261 quis
204 3174 360 3260 ignoret?
384 3182 554 3260 postremo
578 3175 686 3262 igitur
707 3176 781 3240 loco
805 3197 862 3240 eos
885 3173 1128 3240 obtrectatores
1151 3174 1276 3240 colloco

104 3293 162 3377 qui
186 3291 222 3355 in
247 3291 388 3356 Homeri
412 3291 564 3356 oratione
588 3291 803 3357 offenderint.

210 3407 263 3470 Ex
292 3406 481 3472 Stoicorum
511 3407 633 3472 studiis
662 3407 894 3492 grammaticis
917 3412 987 3488 tres
1011 3406 1275 3472 obtrectationes

102 3524 139 3588 in
157 3522 294 3587 scholiis
309 3528 454 3588 restant:
481 3524 516 3582 X
525 3525 590 3587 212
608 3516 679 3584 ἕλκε
696 3517 732 3584 δὲ
746 3517 853 3602 μέσσα
866 3523 914 3602 (sc
926 3513 1070 3583 τάλαντα
1083 3520 1275 3609 Juppiter)]

103 3629 309 3723 Χρύσιππος
344 3638 449 3722 ,ῥῦμαι
480 3629 615 3724 γράφει·
651 3631 710 3725 τὴν
744 3630 804 3721 γαρ
834 3630 942 3723 ῥοπὴν
969 3637 1029 3700 τοῦ
1052 3633 1150 3719 ζυγοῦ
1173 3630 1275 3724 ῥύμην

103 3750 292 3815 καλεῖσθαι.
340 3749 407 3832 ΤΡ)
451 3754 673 3841 philosophus
702 3755 836 3820 Stoicus
870 3761 922 3820 cst
950 3756 1173 3841 Chrysippus,
1210 3757 1276 3820 etsi

102 3871 316 3956 grammatici
351 3871 387 3936 in
423 3893 550 3936 morem
585 3872 642 3936 hic
677 3893 713 3936 se
741 3871 831 3955 gerit
859 3876 894 3936 et
917 3871 999 3936 alibi
1022 3872 1065 3951 (B
1089 3870 1132 3936 ad
1155 3873 1189 3932 K
1199 3872 1274 3955 252,

211 4108 236 4176 1)
257 4103 327 4180 πρὸς
345 4107 376 4162 δὲ
395 4103 443 4176 τὴν
461 4115 574 4175 ποίησιν
592 4111 655 4161 λίαν
673 4102 835 4180 nupturam
855 4110 887 4163 B.
908 4108 943 4165 cf.
963 4109 1084 4172 Aristot,
1103 4116 1178 4182 poet.
1192 4112 1227 4164 25
1246 4116 1276 4165 et

97 4201 125 4255 Τ
144 4198 180 4254 ad
195 4199 220 4257 Ξ
226 4199 286 4252 342.
307 4230 340 4237 —
359 4197 387 4269 2)
407 4198 571 4254 Aristonico
591 4217 649 4253 non
668 4198 771 4253 tribuit
790 4198 1036 4254 LFriedlaender.
1054 4230 1084 4238 -
1105 4199 1134 4269 3)
1154 4193 1228 4253 οῠΒ.
1242 4231 1272 4238 -

96 4291 130 4356 4)
150 4281 341 4341 συνάπτεσθαι
355 4289 387 4342 Β.
408 4319 439 4325 -
460 4288 489 4352 5)
508 4289 562 4359 frg.
578 4290 628 4344 167
642 4289 677 4342 R.
695 4317 724 4327 -
745 4286 773 4358 6)
794 4287 843 4359 qui
862 4289 942 4343 locus
954 4289 1065 4360 fugisse
1079 4288 1194 4344 videtur
1208 4308 1274 4344 curn

97 4396 202 4434 omnes
227 4378 276 4449 qui
303 4377 339 4433 de
359 4378 521 4448 Chrysippo
540 4383 670 4448 egerunt,
698 4384 761 4432 tum
789 4377 840 4448 qui
866 4383 1030 4448 postremus
1057 4378 1092 4436 de
1110 4377 1274 4454 Chrysippo

4 4484 7 4511 ι
96 4467 292 4544 grammatico
307 4467 451 4543 disseruit,
472 4466 620 4532 Christum
639 4466 745 4532 Aronis
765 4467 842 4543 (Jen.
863 4468 953 4546 1885).
