3160 5118
400 1056 615 1208 crpitum
656 1067 968 1202 conspeclus.

630 1313 736 1322 ι-ι--ι-ινο-ν·

435 1475 437 1478 >
1186 1454 1239 1505 Peg.

96 1540 145 1594 De
164 1538 258 1594 Zoilo
277 1511 552 1607 Amphipolitano
584 1583 588 1592 .
629 1585 633 1595 .
673 1581 678 1592 .
718 1531 737 1592 .’
763 1582 1124 1596 .........
1179 1543 1267 1597 5-46

233 1646 256 1702 I.
277 1647 357 1714 Quae
376 1646 412 1702 de
429 1646 511 1702 Zoilo
530 1647 767 1718 Amphipolitano
786 1646 895 1701 tradita
914 1646 974 1700 sint
1030 1693 1035 1702 .
1074 1694 1078 1702 .
1118 1691 1123 1703 .
1215 1651 1232 1703 5

219 1754 258 1808 Π.
277 1754 321 1808 De
340 1753 572 1810 testimoniorum
592 1753 765 1810 auctoritate
807 1793 1124 1810 ........
1197 1757 1233 1811 25

202 1860 255 1914 ΙΙΙ.
275 1861 319 1916 De
337 1860 418 1915 Zoilo
451 1903 1125 1918 ................
1197 1865 1232 1920 29

308 1968 336 2037 a)
356 1968 391 2038 de
409 1967 527 2022 nomine
544 1967 618 2022 Zoili
674 2009 856 2024 .....
986 2012 990 2022 .
1119 2013 1123 2024 .
1197 1973 1233 2025 29

308 2073 336 2140 1))
356 2073 390 2129 de
408 2073 503 2146 patria
522 2073 595 2129 Zoili
628 2117 1124 2130 ............
1196 2079 1233 2132 29

294 2169 338 2247 e)
358 2180 392 2235 de
411 2181 485 2235 Zoili
504 2187 599 2237 aetate
628 2223 1123 2238 ...........
1197 2186 1233 2239 30

308 2268 336 2347 ri
356 2287 391 2342 ee
409 2289 483 2342 zoni
501 2277 687 2358 homonymis
717 2331 1078 2344 .........
1090 2306 1124 2344 1.
1198 2293 1233 2346 35

308 2398 334 2462 e)
353 2395 387 2449 de
406 2394 481 2449 Zoili
498 2395 563 2450 vita
582 2437 1123 2451 .............
1196 2400 1232 2454 95

314 2500 339 2572 f)
359 2503 394 2557 de
411 2501 486 2557 Zoili
505 2502 621 2578 seriptis
670 2544 987 2558 ........
1030 2553 1033 2558 .
1075 2547 1079 2556 .
1118 2548 1123 2560 .
1197 2507 1232 2560 39

307 2613 337 2686 g)
357 2613 495 2670 iudicium
510 2613 550 2670 de
569 2615 651 2669 Zoilo
671 2654 854 2668 .....
882 2641 884 2649 ·
893 2655 1123 2667 ......
1167 2649 1169 2655 »
1197 2615 1233 2668 42

93 2830 141 2884 De
166 2828 241 2883 aliis
260 2829 396 2884 Homeri
419 2829 705 2885 obtrectatoribus
759 2869 942 2882 .....
965 2795 986 2884 γ,
1028 2871 1032 2880 .
1073 2874 1077 2884 ,
1118 2870 1122 2880 .
1161 2827 1267 2881 47-84

231 2937 254 2991 Ι.
274 2936 310 2992 de
328 2935 508 3007 philosophis
527 2936 648 2992 Homeri
668 2935 836 2992 censoribus
893 2977 1122 2990 ......
1196 2935 1231 2988 48

216 3044 255 3100 II.
275 3044 310 3100 de
328 3043 468 3114 sophistis
486 3044 646 3099 Homerum
666 3042 900 3114 vituperantibus
919 3048 949 3098 et
968 3043 1016 3114 qui
1035 3042 1070 3098 iis
1089 3041 1124 3098 si·

307 3149 391 3207 miles
409 3150 469 3206 sint
493 3192 1122 3205 ...............
1196 3152 1229 3205 61

201 3257 254 3313 ΠΙ.
274 3258 310 3314 de
328 3258 527 3328 grammaticis
546 3257 706 3313 orationem
727 3257 848 3312 Homeri
867 3257 1076 3327 castigantibus
1115 3300 1120 3311 .
1194 3257 1228 3311 79

114 3400 116 3406 r
201 3364 345 3436 epilogus:
365 3365 399 3419 de
418 3364 509 3436 ipsius
529 3363 650 3419 Homeri
669 3363 927 3419 obtrectationibus
981 3405 987 3419 .
1027 3404 1031 3416 .
1072 3406 1076 3418 .
1116 3405 1121 3416 .
1193 3363 1229 3418 83
