3160 5118
802 403 1022 482 ,ητα

327 607 408 652 σατσ
437 581 494 652 διά
518 612 552 653 τε
580 585 683 653 θείων
711 583 913 678 ττρσσιιὶττιυνΙ
932 588 987 654 καὶ
1017 585 1073 654 διά
1097 584 1202 675 λόγων
1231 584 1416 680 δεξιότητος
1441 587 1505 656 καὶ

327 696 368 766 δι’
395 696 520 790 ὀνείρου
543 701 600 768 καὶ
623 700 774 792 ἓτερσίιον
789 700 923 792 τρόποιν
939 700 1072 770 ἐθάδων
1088 699 1187 791 αὐτῷ,
1211 704 1304 772 καθά
1321 705 1504 775 δέδεικται.

432 823 590 889 hocloco
614 847 683 890 non
708 817 886 901 ,ἐνστάσεις
908 826 997 890 Zoili
1020 825 1062 890 ad
1086 827 1194 892 instar
1217 827 1411 911 movendae,
1438 827 1505 892 sed

325 939 366 1002 ab
383 939 456 1025 ipso
470 939 565 1004 Zoilo
581 938 699 1006 motes‘
717 941 907 1026 significari
922 947 1006 1030 puto
1023 965 1098 1007 curn
1115 941 1303 1008 Schradero
1319 943 1349 1022 (Ι
1361 944 1438 1027 424,
1454 942 1503 1023 2).

890 1150 934 1213 38

430 1287 472 1353 ad
507 1289 622 1354 ³326
657 1312 729 1375 sqq.
769 1289 872 1356 schol.
911 1290 982 1356 cod.
1023 1291 1145 1357 Hamb.
1175 1291 1218 1358 56
1253 1290 1430 1377 (Porphyr.
1460 1292 1503 1356 ΙΙ

322 1426 354 1489 p.
380 1405 489 1488 75,13
513 1406 620 1485 Sehr.)
645 1407 712 1471 ita:
748 1399 891 1490 ε’ττιτιμηῖ
921 1401 957 1466 δὲ
986 1407 1099 1480 αῢτσῖς
1123 1396 1140 1467 ὃ
1164 1401 1301 1483 Ζωΐλος,
1332 1395 1502 1490 drenow)

322 1507 406 1580 εἶναι
441 1508 542 1602 λέγων
577 1517 672 1603 γελᾶν
699 1515 759 1599 μὲν
788 1513 981 1596 ἀκολάστως
1013 1515 1090 1596 τοδς
1118 1515 1218 1596 θεοδς
1236 1570 1242 1583 .
1262 1517 1306 1604 ,2)
1341 1516 1400 1583 εἰτλ
1423 1522 1502 1597 τοῖς

321 1627 495 1712 τοιούτοις,
532 1628 589 1698 τδν
621 1632 657 1698 δὲ
681 1627 800 1724 Ἑρμῆν
830 1626 996 1716 ε’άχεσθαι,
1033 1631 1178 1700 ἐναντίον
1201 1638 1260 1700 τοῦ
1283 1629 1413 1722 πατρὸς
1435 1634 1498 1699 καὶ

320 1750 385 1811 τιῦν
415 1740 524 1812 άλλων
557 1753 646 1814 θεῶν
674 1743 824 1837 δρώντων
852 1748 1010 1816 δεδέσθαι
1039 1747 1097 1815 συν
1129 1754 1170 1840 τῇ
1190 1744 1384 1839 Ἀφροδίτη.
1433 1745 1497 1816 οὐκ

320 1860 384 1928 εἰσὶ
409 1863 445 1928 δὲ
469 1860 499 1930 ολ
524 1864 698 1954 ποιητικαὶ
714 1865 791 1932 θεοὶ
808 1863 1000 1957 φιλόσοφοι,
1025 1859 1133 1944 άλλως
1153 1865 1260 1932 τεκαὶ
1277 1864 1494 1952 παίζοντεςδ)

319 1972 404 2044 άλλδι
427 1979 485 2046 καὶ
508 1977 546 2046 τὸ
570 1977 690 2059 κάλλος
720 1976 865 2072 ἠθέλησε
888 1984 1035 2073 δηλῶσαι
1052 1976 1110 2072 της
1131 1975 1340 2072 Ἀφροδίτης,
1366 1975 1411 2060 ὡς
1433 1981 1494 2047 καὶ

319 2094 352 2159 ἐν
373 2089 487 2161 Ἰλιάδι
512 2095 723 2176 ἐπαινοῦντες
748 2095 777 2164 ci
805 2098 1036 2188 δημογέροντες
1059 2105 1105 2186 (Γ
1128 2106 1190 2168 146
1215 2099 1334 2189 sqq.)4)

425 2219 461 2284 Μ
464 2217 545 2282 artis
575 2218 788 2304 Venerisque
822 2242 952 2284 amores
987 2227 1066 2284 ente
1101 2221 1235 2285 Zoilum
1271 2218 1492 2306 reprehendit

318 2333 416 2397 Plato
451 2333 565 2414 (dere
588 2334 759 2421 patim
782 2359 814 2422 p.
840 2337 904 2401 389
916 2335 959 2418 A,
984 2336 1049 2400 390
1062 2337 1113 2413 Ο).
1161 2342 1258 2416 erent
1292 2335 1350 2421 qui
1385 2335 1491 2400 etiem

318 2449 530 2516 secluderent
557 2473 675 2517 versus
699 2452 893 2518 333-342:
930 2453 972 2518 cf.
1001 2453 1167 2518 Ludwich
1193 2453 1298 2519 Arist.
1324 2452 1341 2515 Ι
1364 2452 1442 2532 571,
1461 2455 1490 2517 1.

879 2687 921 2750 39

424 2799 466 2864 ad
491 2821 503 2860 ι
527 2801 571 2865 60
593 2792 629 2874 ἓξ
650 2790 677 2861 δ’
693 2790 750 2886 ἀφ’
776 2792 915 2886 ἑκάστης
939 2793 1014 2886 νηδς
1038 2791 1226 2886 ἐυκνήμιδες
1250 2795 1375 2884 ἑταῖροι

579 2905 698 2978 ὤλονθ’
724 2926 788 2984 etc.

422 3032 525 3099 schel.
549 3034 584 3098 H
607 3032 746 3120 (Porph.
769 3035 806 3099 H
828 3035 873 3100 84
896 3034 1022 3111 Schr.):

422 3142 544 3210 πολλοὶ
582 3142 782 3235 κατηγόρουν
820 3149 879 3211 τοῦ
917 3139 1106 3226 ἀπιθάνου,
1151 3131 1196 3210 οἷν
1238 3135 1285 3222 εἷς
1324 3142 1393 3208 ἐστι
1430 3143 1488 3209 καὶ

314 3258 455 3338 Ζωΐλος·
471 3289 473 3292 ·
489 3254 617 3327 άτσττον
651 3259 711 3349 γὰρ
739 3256 893 3351 ἡγοῦνται
916 3257 999 3351 μήτε
1031 3260 1174 3338 ττλέσνας
1210 3255 1294 3349 μήτε
1333 3255 1488 3337 ἐλάττους

314 3371 501 3467 ἀνῃρῆσθαι
525 3370 582 3466 ἀφ’
608 3374 747 3467 ἑκάστης
770 3374 855 3468 νηός,
880 3371 949 3443 ἄλλ)
973 3372 1068 3460 ἴσους
1082 3371 1155 3459 ὡςῧ)
1180 3370 1252 3448 eiad
1272 3379 1331 3441 τοῦ
1347 3368 1487 3459 ἐπιτάγ-

312 3519 430 3577 ματος·
454 3490 513 3583 χρὴ
538 3492 573 3560 δὲ
596 3491 638 3559 τά
661 3490 846 3577 πλάσματα
869 3491 1004 3559 πιθανά
1028 3485 1122 3560 εἶναι.
1161 3487 1231 3557 λάει
1255 3490 1291 3556 δὲ
1315 3484 1332 3556 ὃ
1355 3485 1487 3579 Κράτης

315 3603 431 3689 οὕτως’
455 3605 609 3695 βούλεται
627 3603 774 3699 (Όμηρος
796 3611 865 3675 κτλ.
925 3693 928 3702 Ι

418 3731 576 3796 Eustath.
601 3754 634 3817 p.
661 3732 747 3797 1614
781 3729 812 3813 (Ι
835 3731 899 3795 321
933 3730 985 3795 ed.
1011 3728 1131 3817 Lips.):
1174 3723 1319 3814 ἐνταῦθα
1348 3721 1384 3788 δὲ
1407 3720 1485 3788 εἰτι-

312 3838 431 3931 φύεται
458 3841 588 3920 Ζωΐλος
617 3836 634 3907 ὃ
662 3835 920 3931 (Ομηρσμάστιξ,
950 3841 1060 3928 λέγων,
1095 3835 1276 3919 άττιθάνισς
1303 3834 1396 3917 λ’σσυς
1426 3830 1481 3927 ἀφ’

312 3953 451 4047 ἑκάστης
485 3952 680 4024 άττσλέσθαι
716 3953 791 4047 νηὸς
826 3955 984 4046 καθάπερ
1021 3957 1057 4036 ἐξ
1088 3952 1335 4043 ὖττοτάγματος.
1390 3950 1420 4021 οἱ
1449 3953 1486 4019 δὲ

420 4156 446 4226 1)
475 4147 580 4209 άτυιιον
607 4156 676 4225 eod,
708 4156 818 4210 emend.
847 4156 964 4212 Preller.
995 4187 1026 4194 -
1055 4156 1082 4223 2)
1115 4174 1173 4210 une
1200 4155 1246 4210 vel
1275 4155 1348 4209 duee
1371 4153 1485 4248 litterae

311 4271 500 4320 evanuerunt.
530 4293 561 4302 -
589 4264 618 4330 3)
648 4253 733 4321 άλλως
751 4281 778 4315 τε
798 4266 845 4314 καὶ
867 4267 1010 4327 παίζοντες
1028 4262 1177 4347 Schrader,
1198 4255 1265 4315 ἀλλὰ
1284 4243 1387 4325 naslei
1410 4261 1485 4332 ecd.;

311 4346 379 4406 ἀλλὰ
398 4357 544 4416 παίζονται
562 4354 681 4408 Preller.
701 4365 734 4390 '—
753 4352 782 4423 4)
803 4371 859 4424 quo
878 4354 941 4408 loce
962 4353 1055 4407 utitur
1073 4352 1243 4423 Lessingius
1261 4350 1291 4407 in
1306 4352 1380 4423 libri,
1400 4369 1486 4423 quem

310 4444 447 4498 Leokoon
467 4443 622 4516 inscripsit,
642 4460 664 4498 e.
685 4445 727 4497 21.
748 4473 780 4479 -
800 4443 829 4512 5)
850 4445 915 4501 ἴσως
934 4443 1004 4514 cod,
1024 4445 1100 4500 ἴσους
1119 4434 1154 4500 ὦς
1172 4443 1220 4497 JG
1231 4442 1394 4498 Schneider.
