3160 5118
802 411 1018 477 ..42-.

326 581 428 671 γωνόν
461 611 534 650 τινα
569 588 603 669 (i.
629 589 835 674 aeolidum,
861 590 1033 669 idoneum)
1069 579 1159 678 εἶναιΙ
1180 581 1387 670 βουλόμενον.
1439 584 1498 651 καὶ

326 698 387 790 γὰρ
423 697 571 789 ἱστορίας
606 700 746 791 γέγραφε
780 696 971 791 (ἀρξάμενος
999 696 1070 769 alal
1098 700 1273 789 θεογονίας
1299 712 1339 774 ui
1365 707 1497 773 Zoilus:

326 793 465 887 Diodor.
492 822 563 888 XV
577 820 645 905 89),
680 817 736 884 καὶ
772 817 850 907 περὶ
887 823 948 886 τοῦ
975 821 1121 908 ποιητοῦ
1155 823 1190 904 (i.
1215 846 1243 888 e.
1268 822 1311 888 de
1335 824 1498 897 Homero)

329 927 496 1012 συντάξεις
530 930 762 1016 καταλέλοιπε,
798 933 855 1000 καὶ
882 934 996 1016 τέχνας
1023 930 1214 1024 ἐξενήνοχεν,
1249 919 1357 1024 ἧπται
1381 932 1500 999 δὲκαὶ

328 1049 610 1134 συμβουλευτικῶν
644 1048 702 1114 καὶ
737 1050 913 1116 δικανικῶν
947 1044 1090 1136 ἀγώνων.
1109 1105 1115 1120 .
1135 1043 1166 1121 .‘
1223 1054 1467 1138 ,,Πελ)θελιααρί;
1477 1049 1499 1131 ¹)

222 1234 233 1261 N
327 1169 455 1235 bildele
488 1169 587 1235 niohl
620 1168 714 1235 diese
749 1170 1015 1256 Vielseiligkeil,
1059 1170 1207 1236 sondern
1241 1170 1301 1235 des
1336 1170 1500 1236 Isocrates

327 1285 575 1369 Einseiiigkeil
594 1291 696 1351 unior
712 1284 778 1351 den
795 1286 978 1373 Sophislen
992 1285 1091 1372 jener
1105 1287 1184 1352 Zeil
1198 1286 1255 1352 die
1270 1281 1500 1352 Ausnahme.“

436 1399 477 1465 de
511 1402 599 1468 Zoili
634 1425 789 1468 sermone
824 1403 919 1488 legas
954 1425 1039 1489 quae
1061 1403 1215 1468 Blassius
1240 1402 1285 1488 (p.
1302 1402 1367 1466 346
1384 1401 1435 1487 sq)
1459 1424 1501 1466 ex

328 1518 473 1583 frustulo
497 1517 556 1584 illo
578 1519 785 1584 laudalionis
809 1519 985 1584 enucleare
1007 1541 1107 1605 posse
1130 1518 1197 1584 sibi
1219 1518 1365 1584 videtur.

674 1725 710 1809 g)
743 1724 940 1790 iudicium
964 1724 1010 1789 de
1032 1725 1161 1790 Zoilo,

436 1870 569 1931 veteres
613 1864 778 1933 iudicium
823 1865 864 1931 de
903 1867 998 1931 Zoilo
1036 1867 1193 1931 ferebant
1232 1889 1272 1930 ex
1311 1866 1391 1932 solis
1429 1869 1503 1932 fere

299 1981 467 2068 'seriptis
506 1982 713 2065 Homericis;
756 2004 818 2048 nos
857 2005 898 2047 ex
936 1983 1072 2048 illorum
1110 1982 1312 2066 fragmentis
1337 1981 1503 2048 'iudicare

331 2119 414 2184 opus
438 2103 499 2162 esi.
687 2181 688 2185 Ἰ
1419 2093 1423 2098 ’

439 2213 607 2298 quomodo
629 2219 763 2279 velares
788 2215 830 2279 de
852 2213 948 2279 Zoilo
972 2214 1152 2294 senserini,
1181 2236 1342 2300 apparere
1365 2213 1505 2280 videtur

333 2329 536 2414 cognomine
569 2329 876 2415 Homeromastigis
912 2329 944 2394 ei
979 2329 1124 2395 lribuio:
1162 2329 1253 2414 quod
1288 2335 1399 2395 exalat
1434 2353 1505 2395 non

333 2446 469 2531 saepius
493 2468 594 2530 quam
617 2447 671 2512 his
694 2446 791 2512 loois:
826 2446 864 2510 in
887 2445 1057 2530 Vitruvio,
1086 2445 1176 2531 apud
1200 2446 1378 2529 Galerium,
1414 2447 1505 2532 apud

332 2562 483 2645 Suidam,
518 2563 623 2630 semel
655 2562 745 2649 apud
776 2562 1006 2645 Euslalhium‚
1041 2562 1079 2627 in
1101 2561 1285 2650 Porphyrii
1308 2562 1437 2628 scholio
1461 2562 1505 2627 ad

332 2681 367 2740 K
384 2679 459 2762 274,
483 2679 520 2744 in
544 2679 689 2744 Taetzae
713 2679 854 2762 soholi03
880 2702 899 2744 a
921 2677 1116 2743 melioribus
1139 2678 1293 2744 fonlibua
1317 2701 1506 2764 cognomen

332 2794 418 2860 illud
451 2796 600 2860 alienum
629 2802 681 2860 eet
703 2817 772 2860 non
795 2796 908 2861 minus
932 2816 1033 2881 quam
1058 2794 1143 2860 illud
1166 2786 1253 2856 κύων
1276 2785 1448 2880 ῥητορικός
1472 2802 1508 2860 et

332 2903 546 2989 κακοδαίμων
566 2908 617 2994 (in
632 2908 801 2994 Aeliano),
830 2902 996 2994 Θρακικόν
1011 2899 1222 2995 ἀνδράποδον
1238 2910 1289 2993 (in
1305 2909 1506 2995 Heraclito),

333 3027 508 3093 Euslalhii
540 3020 825 3111 καταρραπιοτέον
859 3026 928 3109 (27)
968 3034 1003 3092 ei
1037 3018 1242 3112 ἒπηρεαστής
1276 3025 1356 3111 (37).
1414 3026 1508 3091 idem

334 3149 490 3210 velerum
524 3142 639 3209 odium
675 3164 713 3208 eo
747 3142 953 3230 perspieiiur
981 3143 1070 3230 quod
1093 3143 1209 3208 Zoilus
1233 3143 1289 3208 vel
1312 3143 1349 3208 in
1373 3164 1507 3208 erucem

334 3259 453 3346 figitur
475 3259 532 3325 vel
554 3259 725 3345 lapidibus
750 3260 917 3326 oonieilur
940 3261 996 3326 vel
1012 3259 1220 3325 comburilur
1235 3259 1291 3325 vel
1307 3258 1349 3323 de
1365 3258 1508 3345 rupibus

335 3376 491 3442 deicitur.
531 3376 600 3440 lale
624 3375 875 3460 indignalionis
899 3381 1016 3441 eontra
1031 3374 1163 3440 Zoilum
1187 3374 1374 3460 vestigium
1397 3397 1509 3460 neque

336 3494 426 3580 apud
449 3492 656 3577 Dionysium
680 3492 808 3557 aliosve
832 3498 952 3575 exslat,
977 3513 1098 3576 neque,
1123 3489 1158 3554 id
1183 3490 1273 3576 quod
1297 3491 1421 3557 summi
1445 3499 1508 3575 est,

230 3583 233 3590 .
336 3609 425 3696 apud
448 3608 536 3674 Zoili
559 3609 736 3693 aequales:
770 3631 884 3674 eorum
908 3629 1019 3691 nem0,
1053 3628 1194 3692 quorum
1220 3606 1358 3691 quidem
1381 3607 1510 3692 scripta

337 3732 470 3791 servata
498 3724 577 3804 sint,
613 3725 747 3789 Zoilum
771 3723 914 3808 dignum
937 3724 1074 3811 putavit
1097 3745 1196 3808 quem
1222 3722 1374 3788 oriminis
1398 3722 1509 3787 laesae

336 3841 525 3907 maiestatis
559 3848 741 3907 accusaret.
801 3861 916 3905 eorum
951 3861 1120 3923 versuum,
1161 3861 1244 3924 quos
1283 3837 1321 3904 in
1358 3838 1510 3903 Homero

337 3957 479 4042 notavit,
504 3953 570 4022 duo
594 3957 639 4040 (6.
667 3955 731 4038 12.)
755 3957 791 4022 in
814 3955 1010 4022 Aristolelia
1034 3961 1107 4020 arte
1130 3954 1264 4041 poetica
1287 3951 1330 4036 (o.
1348 3953 1415 4037 25),
1439 3961 1510 4018 tres

338 4075 404 4158 (31.
429 4074 482 4138 36.
506 4071 562 4154 38)
599 4073 689 4159 apud
725 4067 934 4152 Platonem2)
970 4070 1203 4154 inveniuntur,
1239 4069 1306 4134 alio
1341 4069 1415 4136 loeo
1440 4069 1510 4149 (14)

239 4225 242 4231 ·
339 4215 416 4259 eum
450 4189 642 4277 Chrysippo
678 4189 855 4254 conseniil.
901 4190 1018 4273 ilaque
1053 4187 1140 4252 Zoili
1176 4184 1400 4271 temporibus,
1421 4184 1511 4250 Zoili

338 4345 551 4356 ——-—-

448 4440 473 4512 l)
492 4438 576 4496 Blaes
594 4438 613 4496 l.
633 4457 656 4495 c.
675 4456 702 4514 p.
722 4438 783 4496 346.
803 4466 835 4475 -
855 4437 884 4503 2)
903 4434 939 4492 ol.
958 4434 1100 4493 Schrader
1118 4432 1225 4506 Porph.
1244 4431 1299 4508 lp.
1314 4431 1376 4504 424,
1389 4431 1414 4491 3.
