3160 5118
792 411 1010 490 -72-

315 600 469 670 Hercher
492 604 653 670 disseruit
677 604 712 668 in
730 603 840 669 annal.
857 604 972 689 philol.
991 604 1100 692 suppl.
1117 605 1135 670 I
1150 628 1180 691 p.
1198 603 1385 688 aee-293,
1410 625 1489 670 cum

316 743 390 786 earu
414 720 610 786 fictionibus
634 719 712 804 illis,
737 742 821 805 quae
843 720 941 786 docte
958 742 993 785 se
1010 727 1178 807 gererent,
1202 721 1283 786 inde
1305 721 1488 786 aNeronis

315 837 524 924 temporibus
545 836 681 902 usitatis
702 841 872 921 aequaret.
919 836 1011 901 idem
1027 836 1228 902 Anthemeri
1253 836 1410 902 carminis
1434 837 1488 901 in-

316 954 426 1019 dolem
454 960 555 1037 atque
578 959 735 1017 naturam
759 952 843 1017 adeo
873 952 1048 1037 eleganter
1075 959 1234 1039 recteque
1264 952 1428 1018 describit
1450 951 1488 1032 (l.

315 1092 344 1134 c.
369 1092 400 1154 p.
426 1069 513 1152 277),
538 1074 578 1133 ut
600 1069 643 1133 ad
672 1091 758 1150 eum,
795 1068 823 1132 si
852 1068 910 1152 qui
933 1068 1060 1153 legent,
1097 1069 1253 1154 delegare
1276 1068 1401 1134 malim.
1449 1067 1488 1132 id
1574 1125 1575 1154 ,

314 1191 448 1250 tantum
473 1184 560 1248 addo
583 1207 637 1249 me
660 1206 729 1249 nou
752 1186 841 1249 forte
863 1185 992 1249 factum
1016 1207 1090 1249 esse
1113 1190 1240 1270 putare,
1267 1190 1306 1248 ut
1325 1183 1488 1249 carminis

315 1302 463 1366 Homero
476 1299 686 1365 detrahentis
700 1300 844 1385 scriptor
856 1300 1056 1366 Hadriani
1072 1300 1281 1387 temporibus
1291 1300 1487 1364 exsisteret:

315 1417 387 1482 veri
411 1417 522 1482 simile
546 1422 598 1481 est
621 1417 860 1501 grammaticos
883 1416 1050 1503 principis
1078 1416 1205 1483 iudicio
1228 1416 1390 1481 adversus
1415 1415 1487 1479 Ho-

314 1554 444 1598 merum
459 1533 577 1617 iniquo
584 1527 610 1613 ¹)
632 1554 730 1617 opem
747 1533 836 1597 ferre
852 1533 1011 1616 voluisse,
1035 1538 1075 1597 ut
1089 1531 1362 1598 benevolentiam
1382 1531 1486 1596 bene·

314 1649 459 1734 ficiaque
484 1648 525 1714 ab
549 1649 608 1713 illo
632 1647 698 1713 sihi
721 1654 889 1734 parerent.
935 1648 1100 1734 principis
1125 1649 1312 1714 sententies
1337 1654 1371 1712 et
1394 1648 1487 1711 iacta

313 1766 409 1830 brevi
432 1788 451 1829 a
474 1764 644 1852 plerisque
668 1764 799 1829 civibus
822 1764 1014 1829 assimulari
1038 1765 1114 1851 quis
1138 1771 1190 1830 est
1213 1764 1272 1850 qui
1287 1763 1440 1828 nesciat?

420 1883 474 1946 Ex
497 1889 646 1946 extremo
670 1880 817 1946 secundo
841 1903 874 1966 p.
892 1880 969 1945 Chr.
987 1904 1020 1945 n.
1038 1881 1170 1946 saeculo
1191 1886 1373 1966 supersunt
1398 1880 1485 1944 duae

313 1997 368 2063 Pii
395 1992 645 2081 grammatici2)
680 1997 1005 2062 animadversiones:
1045 1997 1082 2061 in
1114 2019 1215 2063 versu
1252 1998 1283 2056 (1)
1317 1996 1380 2061 147
1408 1986 1487 2068 τοὺς

310 2103 456 2191 Ἀχιλεὺς
479 2105 588 2187 edelric
611 2104 696 2173 uerri
719 2104 795 2196 ῥόον
819 2102 886 2174 orid’
915 2107 1058 2197 ἐλέαιρεν
1082 2113 1214 2179 censuit
1242 2101 1309 2173 οὐδ’
1340 2105 1486 2195 ἐλέαιρεν

312 2231 399 2294 male
423 2229 578 2294 additum
601 2248 688 2293 esse:
716 2227 805 2302 Πῖος
831 2220 955 2313 ψυχρόν
977 2247 1059 2314 φησι
1084 2221 1122 2289 τὸ
1151 2220 1311 2320 ἐπίθετον
1339 2228 1486 2308 (addita-

312 2348 489 2425 mentum),
514 2334 585 2426 dul)
608 2365 644 2406 ue
666 2339 726 2405 ἐπὶ
749 2343 815 2406 τῶν
835 2338 956 2428 Τρώων
980 2381 1020 2390 --
1045 2344 1120 2418 πῶς
1143 2336 1204 2429 γὰρ
1228 2332 1320 2418 ἄξιον
1337 2338 1487 2428 erectio
1576 2347 1577 2404 V

310 2451 462 2539 Ἀχιλλεῖ,
489 2450 540 2523 ὅτι
565 2450 623 2522 οὐκ
640 2455 723 2523 ἐλεεῖ
744 2453 821 2535 τούς
837 2453 1033 2540 πολεμίους
1058 2497 1099 2506 -
1123 2452 1189 2522 εἴτε
1211 2453 1271 2521 ἐπὶ
1294 2458 1354 2522 τοῦ
1373 2481 1484 2520 ποτα-

310 2577 375 2656 μοῦ
403 2578 449 2660 (v.
480 2577 567 2660 146),
604 2566 656 2638 ὅτι
686 2566 784 2639 αὐτὸν
812 2566 871 2638 οὐκ
900 2566 998 2661 ἠλέει,
1034 2566 1092 2654 οὐχ
1120 2565 1263 2660 ἁρμόζον
1296 2570 1356 2637 ἐπὶ
1389 2575 1484 2638 θεοῦ.

311 2695 380 2759 ΤΒ.
407 2730 447 2738 -
475 2696 506 2754 (1)
529 2694 595 2758 293
620 2685 660 2754 αἶ’
679 2714 715 2754 κε
739 2686 879 2778 πίθηαι]
911 2682 948 2754 ori
972 2683 1063 2753 πάνυ
1088 2685 1209 2754 οἰκεῖόν
1231 2708 1333 2777 φησιν
1355 2681 1435 2752 αὐτὸ
1466 2681 1485 2752 ὃ

310 2810 413 2883 Hier·
439 2802 552 2870 διὰτί
578 2801 637 2893 γὰρ
661 2797 779 2895 ἤμελλε
801 2801 847 2893 μὴ
871 2800 1125 2894 πεισθήσεσθαι
1148 2803 1205 2870 καὶ
1233 2808 1329 2881 θεοῖς
1355 2801 1412 2868 καὶ
1441 2799 1485 2867 cei

310 2920 524 3009 κεχαρισμένα
541 2916 830 3005 συμβουλεύουσιν;
846 2923 1015 3010 (sequitur
1028 2924 1165 3007 solutio)
1183 2924 1252 3009 ΤΒ,
1266 2923 1361 2989 Schr.
1376 2924 1484 2990 1250.

311 3041 414 3107 nimis
430 3042 558 3108 urbane
582 3041 689 3126 igitur
704 3042 902 3126 Neptunum
927 3064 1007 3125 erga
1022 3041 1192 3107 Achillem
1216 3062 1251 3104 se
1266 3061 1383 3126 gerere
1399 3039 1487 3104 Pius
1577 3043 1578 3056 ²

311 3166 495 3225 censuerat.
549 3180 614 3244 quo
643 3158 685 3223 de
713 3157 786 3240 Pio,
820 3179 918 3243 quem
949 3163 1066 3222 contra
1093 3155 1285 3221 Aristarchi
1313 3155 1486 3221 atheteses

312 3275 487 3361 scripsisse
515 3297 556 3339 ex
584 3273 711 3340 scholio
739 3274 768 3338 B
797 3274 839 3337 ad
864 3275 908 3333 M
930 3274 993 3339 175
1021 3272 1234 3338 concluditur
1263 3271 1364 3351 (Πῖος
1391 3260 1485 3332 ἄπο-

312 3383 505 3473 λογούμενος
532 3383 619 3474 πρὸς
646 3381 706 3463 erig
733 3377 909 3472 ἀθετήσεις
939 3379 1205 3473 Ἀριστάρχου14),
1242 3389 1284 3453 cf.
1313 3379 1486 3453 EHille'ri

310 3507 628 3572 commentationem
656 3506 693 3570 in
722 3505 844 3571 Philol.
873 3517 964 3571 tomo
993 3505 1163 3589 XXVIII,
1197 3527 1230 3591 p.
1262 3503 1417 3569 86-115
1448 3510 1487 3568 et

309 3622 394 3686 Schr
417 3622 435 3686 I
457 3622 524 3686 434
547 3617 655 3710 sqq.⁵)

417 3738 510 3816 Quae
533 3761 575 3802 ex
597 3737 651 3803 his
675 3737 986 3823 obtrectationibus,
1011 3745 1051 3805 ut
1071 3739 1120 3805 ita
1135 3739 1255 3822 dicam,
1281 3736 1482 3803 aestheticis

310 3855 411 3920 certis
434 3862 468 3918 et
484 3853 678 3920 hominibus
695 3862 730 3919 et
744 3854 953 3940 temporibus
970 3855 1083 3921 addici
1099 3861 1248 3944 possent,
1272 3853 1483 3919 enumeravi.

308 3963 520 3970 μ-

418 4005 444 4073 1)
463 4003 671 4058 Antimachum
700 4003 831 4058 Homero
860 4005 1066 4076 anteponebat:
1100 4004 1203 4059 Suidas
1230 4022 1252 4060 e.
1276 4021 1304 4060 v.
1330 3995 1480 4072 Ἀδριανός,

308 4094 323 4148 Ι
336 4095 386 4148 112
399 4094 441 4148 ed.
454 4094 569 4161 Bernh,
588 4092 699 4165 Xiphil.
711 4093 778 4163 epit.
790 4092 893 4147 Diouis
903 4093 996 4150 Oassii
1006 4095 1113 4162 LXIX,
1127 4096 1152 4149 4.
1173 4093 1266 4165 Spart.
1278 4110 1300 4147 c.
1314 4092 1346 4145 16
1357 4090 1425 4161 (Dio
1436 4091 1483 4146 ed.

309 4183 395 4238 Stura
415 4182 456 4239 VI
468 4185 540 4249 652).
572 4183 666 4237 simile
684 4182 720 4236 de
738 4180 871 4252 Caligula
892 4182 968 4237 Suet.
987 4183 1047 4238 Cal.
1066 4184 1110 4237 34.
1134 4215 1167 4222 -
1187 4182 1215 4252 2)
1234 4183 1269 4236 de
1282 4179 1364 4235 cuius
1384 4187 1485 4236 aetate

309 4272 344 4326 cf.
365 4272 501 4339 EHiller,
514 4273 618 4327 Philol.
632 4272 775 4340 XXVIII,
794 4289 821 4342 p.
832 4272 866 4326 93
878 4289 920 4341 sq.
940 4303 972 4310 —
992 4272 1020 4341 3)
1040 4272 1245 4343 Wilamowitz,
1265 4262 1317 4322 κᾶν
1327 4270 1359 4339 Τ,
1379 4272 1434 4323 εἴτε
1447 4271 1483 4327 Β.

309 4392 341 4400 -
367 4361 395 4429 4)
418 4361 475 4416 nisi
495 4380 561 4416 cum
580 4361 690 4416 Hillero
711 4361 727 4415 l.
748 4380 771 4414 c.
790 4380 817 4432 p.
837 4361 871 4415 91
891 4379 1015 4424 censeas.
1036 4380 1103 4416 eum
1121 4355 1309 4433 ὑπομνήματα
1328 4365 1358 4414 et
1377 4357 1483 4415 Iliadis

308 4457 338 4507 et
357 4449 501 4522 Odysseae
520 4451 725 4522 composuisse.
746 4480 777 4488 —
803 4448 831 4522 5)
852 4451 977 4505 breviter
994 4450 1135 4506 Ludwich
1155 4450 1243 4506 Arist.
1263 4449 1330 4520 174,
1350 4467 1377 4504 u.
1397 4449 1443 4505 95.
