3160 5118
795 403 1013 468 ..39-

318 600 346 642 a.
371 577 438 641 400
461 584 588 661 natum,
624 579 712 644 circa
735 601 763 643 a.
789 580 855 645 380
877 582 1058 668 Polycrate
1083 583 1244 667 magistro
1269 597 1376 666 usum,
1400 583 1510 650 circa

319 718 347 759 a.
372 695 439 758 330
463 694 659 760 defunctum
678 718 759 780 esse,
784 698 840 763 vel
856 721 932 762 oum
946 695 1160 784 Spindlero¹)
1184 723 1333 783 censeaS,
1355 702 1509 766 Zoilum

319 812 407 876 eirca
431 834 459 876 a.
484 811 552 876 410
579 819 697 876 natum
720 812 787 878 390
821 820 964 879 anteave
999 815 1036 878 in
1059 815 1251 901 Polycratis
1275 814 1509 903 disciplinam

319 951 355 992 se
379 929 572 994 contulisse.
619 934 697 993 utut
732 929 795 994 hoo
824 936 885 1006 est,
922 931 1012 1016 quod
1042 932 1127 996 certi
1157 932 1229 996 erui
1252 939 1374 1018 potest,
1398 940 1510 998 recte

320 1045 408 1110 dixit
432 1044 625 1110 Olintonius
649 1045 753 1123 (Fast.
771 1046 860 1110 Hell.
878 1045 932 1110 ΙΠ
946 1047 1041 1125 485);
1068 1047 1191 1130 ,Zoilus
1212 1071 1281 1113 was
1298 1045 1509 1136 contempo-

320 1185 398 1246 rary
422 1160 507 1225 with
531 1161 590 1225 the
614 1160 772 1246 disciples
797 1164 832 1226 oi
854 1163 1030 1227 Isocrates.
1077 1164 1131 1228 He
1148 1164 1259 1248 began
1283 1171 1319 1228 to
1342 1165 1384 1229 be
1407 1167 1508 1231 emi·

320 1283 403 1343 nent
426 1277 541 1341 before
564 1277 622 1342 the
646 1277 712 1342 rise
736 1279 772 1342 of
794 1278 1041 1344 Demosthenes
1058 1278 1124 1345 and
1142 1280 1325 1346 continued
1341 1289 1375 1346 to
1391 1281 1508 1347 write

321 1396 410 1459 after
432 1393 490 1457 the
514 1392 617 1456 death
640 1394 676 1470 of
698 1393 830 1479 Philip3
865 1393 978 1458 which
1013 1394 1130 1480 brings
1154 1395 1225 1460 him
1249 1402 1285 1460 to
1308 1396 1367 1461 the
1390 1397 1508 1483 reign

321 1511 357 1576 of
379 1504 592 1574 Alexander.‘
635 1508 861 1574 Schraderum
885 1532 1016 1595 quoque
1032 1511 1166 1575 Zoilum
1181 1512 1366 1578 Aristotele
1381 1521 1509 1579 aetate

320 1627 433 1713 paullo
456 1625 620 1690 maiorem
645 1625 757 1690 dicere
782 1625 919 1713 (Porph.
944 1627 961 1690 I
985 1650 1018 1712 p.
1043 1625 1122 1703 413)
1146 1627 1289 1710 gaudee.

428 1741 591 1814 Consulto
607 1741 707 1805 omisi
730 1741 839 1807 adhuc
857 1742 1062 1826 Vitruvium,
1088 1743 1143 1807 cui
1166 1743 1229 1808 hac
1253 1744 1289 1809 in
1312 1767 1349 1810 re
1364 1745 1507 1812 nullam

322 1858 558 1924 auctoritatem
587 1879 659 1922 esse
687 1865 813 1942 putem.
861 1866 899 1923 ut
922 1858 1075 1924 Vitruiii
1102 1859 1175 1923 loco
1203 1859 1334 1944 nitaris,
1369 1883 1429 1946 per
1466 1886 1508 1928 se

319 1981 424 2061 patet,
450 1974 548 2038 duos
563 1974 677 2038 Zoilos
700 1974 957 2038 constituendos
978 1996 1062 2039 esse.
1108 1997 1187 2039 nam
1203 1975 1319 2040 Zoilus
1344 1977 1508 2043 aVitru-

319 2093 376 2159 vio
400 2114 476 2156 oum
497 2090 692 2156 Ptolemaeo
715 2090 942 2176 Philadelpho
967 2090 1021 2169 (ab
1045 2113 1074 2156 a.
1098 2091 1163 2156 283
1187 2114 1292 2177 usque
1316 2093 1359 2157 ad
1383 2115 1410 2157 a.
1428 2095 1508 2160 246

320 2231 426 2292 regna
449 2206 601 2285 tenente)
626 2206 856 2290 coniungitur,
880 2216 924 2288 et,
950 2216 989 2273 ut
1004 2206 1067 2271 hoc
1092 2230 1209 2272 verum
1227 2207 1282 2290 sit,
1305 2209 1420 2274 Zoilus
1438 2210 1506 2276 hic
1573 2270 1574 2285 ,

319 2348 389 2390 non
413 2324 504 2388 idem
529 2345 601 2387 esse
625 2329 738 2409 potest
763 2329 864 2409 atpue
888 2323 946 2388 ille
971 2323 1029 2408 qui
1052 2323 1244 2409 Polycratis
1266 2324 1505 2410 isocratisque

321 2447 431 2505 aetate
458 2433 636 2518 floruit.²)'
670 2462 738 2505 non
766 2439 890 2504 mirum
919 2439 1041 2524 igitur,
1077 2439 1166 2524 quod
1201 2439 1356 2506 homines
1391 2441 1506 2527 docti,

289 2644 292 2649 ¹
322 2558 381 2643 qui
396 2557 594 2622 Vitruvium
610 2578 679 2620 non
695 2556 795 2621 nihili
812 2557 985 2639 ducerent,
1009 2563 1170 2641 putarent
1190 2557 1296 2622 fuisse
1313 2566 1348 2623 et
1363 2557 1508 2624 Zoilum

322 2673 490 2760 quendam
512 2673 683 2738 rhetorem
708 2680 742 2738 et
765 2673 896 2737 Zoilum
918 2673 1060 2736 Homeri
1084 2695 1258 2738 censorem
1281 2674 1385 2738 variis
1409 2680 1507 2740 tem-

322 2791 469 2876 poribus.
517 2789 685 2874 Tanaquil
709 2790 821 2853 Faber
844 2788 907 2853 hoc
930 2783 1093 2876 primus3)
1116 2788 1210 2867 fecit,
1241 2811 1317 2854 cum
1341 2791 1505 2874 Longini

323 2930 351 2970 a.
372 2908 456 2971 1663
478 2905 563 2969 editi
580 2928 606 2969 c.
632 2907 652 2969 9
670 2904 734 2984 (ed.
753 2904 927 2969 Tollianae
943 2927 975 2990 p.
995 2905 1049 2984 71)
1067 2905 1286 2970 adscriberet:
1335 2912 1506 2989 ,ceterum

324 3044 405 3087 cave
430 3021 617 3085 confundas
642 3020 732 3085 hunc
756 3021 1053 3106 Homeromastiga
1077 3041 1153 3085 cum
1182 3021 1240 3086 illo
1271 3022 1376 3086 altero
1398 3021 1503 3088 Zoilo

327 3138 470 3222 rhetore,
499 3137 558 3222 qui
581 3143 732 3223 tempore
755 3137 908 3202 Platonis
932 3137 1046 3202 floruit
1069 3136 1193 3223 quique
1217 3137 1378 3203 adversus
1400 3137 1509 3204 illum
1575 3177 1576 3234 ,

324 3250 480 3341 scripsit‘
527 3260 605 3338 post
621 3253 790 3318 Faberum
806 3253 848 3318 ab
865 3275 904 3318 eo
921 3275 989 3318 non
1005 3253 1216 3318 nominatum
1234 3252 1364 3318 Hardio
1381 3252 1504 3332 (Mem.

325 3370 367 3434 de
390 3369 519 3435 l’Acad.
537 3369 667 3455 Royale
695 3371 789 3451 1733,
812 3392 845 3455 p.
872 3367 1069 3452 ira—187),
1096 3369 1233 3434 omnino
1254 3370 1362 3434 fretus
1377 3369 1502 3435 Vitru-
1575 3433 1576 3462 ,

324 3487 373 3551 vii
397 3487 591 3551 narratione
615 3486 699 3550 duos
719 3487 831 3550 Zoilos
855 3485 968 3569 posuit
992 3487 1034 3571 lp.
1055 3483 1142 3568 179),
1167 3485 1309 3550 alterum
1330 3484 1499 3570 Platonis,
1575 3467 1576 3482 ¹

325 3604 469 3670 alterum
493 3602 710 3687 Philadelphi
735 3608 845 3666 aetate
869 3601 1056 3666 florentem.
1103 3601 1235 3665 Zoilum
1259 3599 1414 3664 Platonis
1442 3623 1500 3664 ae-

327 3719 460 3804 qualem
491 3717 527 3782 in
558 3717 679 3803 optimi
709 3717 857 3782 hominis
887 3717 1035 3803 speciem
1072 3715 1229 3803 depingit
1264 3715 1308 3800 (p.
1339 3716 1415 3779 183:
1450 3738 1501 3780 un

326 3835 477 3900 ecrivain
505 3856 596 3918 sage,
627 3833 769 3914 mesure,
805 3834 1025 3918 circonspect,
1062 3832 1238 3918 incapable
1267 3831 1436 3916 d’aigreur
1465 3845 1500 3896 et

327 3949 632 4036 d’emportement),
661 3950 804 4033 Zoilum,
834 3971 933 4034 quem
959 3948 1043 4013 dicit
1066 3949 1219 4032 alterum,
1248 3946 1498 4013 taeterrimum:

324 4308 325 4312 ,
436 4254 462 4318 l)
481 4273 508 4324 p.
528 4253 545 4306 9
564 4269 604 4323 sq.
637 4281 666 4292 —
697 4252 726 4317 2)
746 4268 920 4324 quamquam
941 4248 1110 4305 Perizonius
1138 4248 1185 4319 (ad
1204 4249 1315 4304 Aelian.
1335 4249 1366 4304 Π
1389 4269 1414 4320 p.
1434 4249 1501 4317 648)

327 4340 401 4397 Zoili
419 4342 510 4398 vitam
523 4343 594 4396 adeo
607 4342 761 4397 extendere
776 4347 897 4396 conatus
912 4344 964 4396 est.
987 4368 1016 4378 -
1038 4336 1066 4409 3)
1081 4339 1290 4395 recentioribus
1305 4339 1500 4412 temporibus,

328 4433 404 4510 apud
423 4432 498 4490 euim
521 4439 630 4495 veteres
649 4431 708 4489 iam
738 4439 807 4494 uota
834 4437 897 4489 erat
915 4431 987 4492 haec
1006 4427 1122 4490 divisio:
1142 4428 1177 4490 cf.
1197 4435 1262 4484 test.
1282 4429 1325 4490 22.
