3160 5118
564 414 782 489 -49-

85 599 244 686 quissimi
277 601 470 688 philosophi
505 608 657 668 auctores
688 601 980 688 interpretationis
1008 600 1156 668 habendi
1180 601 1260 686 sint,

85 725 122 782 et
146 718 247 783 initio
272 718 409 803 quidem
433 715 684 802 πραγματικῆς.ι
731 740 751 782 a
774 717 985 805 philosophis
1009 719 1117 803 igitur
1138 725 1172 784 et
1187 719 1260 805 ipse

85 834 262 920 incipiam.
309 834 368 919 qui
404 834 468 899 etsi
504 834 576 900 fere
600 815 717 899 omnes
747 834 784 899 in
808 834 958 900 Homero
981 834 1180 921 explicando
1204 835 1260 900 ob-

84 949 342 1034 liviscebantur,
377 949 527 1036 poeticos
551 949 631 1016 deos
659 972 727 1015 non
752 973 825 1014 esse
848 949 1077 1036 philosophos
1085 947 1110 1032 ¹)
1146 958 1261 1017 tamen

86 1066 157 1131 duo
185 1087 310 1150 genera
338 1087 452 1130 eorum
481 1065 650 1150 distingui
678 1087 814 1132 necesse
843 1072 910 1132 est:
945 1066 982 1131 hi
1012 1067 1197 1133 Homerum
1227 1074 1262 1133 et

86 1182 275 1267 impietatis
310 1181 522 1265 accusabant,
558 1182 637 1267 quia
673 1182 753 1247 deos
787 1204 856 1247 non
896 1183 997 1268 plane
1025 1182 1176 1268 integros
1204 1184 1261 1249 de·

87 1294 323 1384 scripsisset2),
348 1305 383 1362 et
399 1295 530 1362 morum
547 1298 782 1383 corruptionis,
804 1299 964 1383 quoniam
980 1299 1060 1365 deos
1076 1299 1263 1385 heroasque

89 1414 234 1478 minime
255 1414 305 1480 ita
329 1420 469 1500 agentes
493 1420 527 1478 et
551 1415 728 1499 loquentes
743 1414 909 1498 finxisset,
934 1415 1093 1500 aquibus
1109 1418 1264 1503 exempla

88 1530 182 1596 vitae
217 1535 328 1596 rectae
362 1537 517 1616 repetere
551 1531 686 1614 liceret;
723 1531 840 1617 itaque
863 1531 1014 1596 carmina
1037 1553 1132 1598 sacra
1155 1554 1264 1618 paene

88 1669 107 1711 a
131 1652 204 1712 tota
220 1647 362 1713 Graecia
379 1647 480 1712 ducta
495 1647 796 1713 vehementissime
814 1646 1038 1733 castigabant.
1073 1649 1126 1713 illi
1149 1654 1262 1713 autem

90 1770 307 1846 patronorum
342 1770 456 1849 partes
491 1764 640 1849 agebant
662 1763 919 1848 Homerumque
954 1787 993 1830 eo
1022 1765 1262 1850 detondebant,

90 1879 182 1963 quod
218 1880 283 1945 alia
317 1902 394 1945 eum
429 1880 584 1964 sensisse,
621 1880 687 1944 alia
711 1879 836 1944 dixisse
860 1880 1017 1946 evincere
1041 1877 1264 1960 studebant⁸³l

89 2001 232 2080 utraque
260 1996 400 2062 Homeri
434 1997 604 2062 tractandi
631 1996 729 2080 ratio,
765 1997 918 2061 censoria
953 2003 998 2070 et„
1011 1998 1203 2084 allegorica,
1226 2006 1266 2064 ut

90 2111 140 2176 ita
175 2111 296 2191 dicam,
341 2113 422 2177 inde
456 2135 476 2177 a
509 2112 688 2198 principiis
725 2112 827 2177 simul
862 2111 1020 2179 omnibus
1055 2114 1265 2201 temporibus

91 2227 273 2313 colebatur,
297 2250 376 2306 non,
399 2229 435 2293 id
453 2228 543 2314 quod
560 2228 726 2314 suspicari
740 2235 854 2314 potest
869 2229 970 2295 homo
986 2252 1098 2296 rerum
1115 2231 1265 2318 ignarus,

91 2344 198 2408 altera
221 2345 360 2411 alteram
384 2353 499 2410 secuta
516 2351 582 2409 est:
607 2367 722 2411 nonne
738 2345 981 2430 Xenophanes,
1006 2347 1148 2412 Homeri
1165 2348 1264 2413 casti-
1371 2440 1373 2444 Ι

92 2467 200 2545 gater,
225 2467 259 2525 et
282 2461 514 2546 Anaxagoras,
539 2461 669 2547 primus
686 2462 743 2547 qui
760 2457 917 2543 dicitur4)
944 2463 1150 2548 allegorista,
1176 2463 1266 2528 haud

91 2599 215 2662 magno
239 2578 401 2665 temporis
434 2578 544 2663 spatio
574 2577 804 2644 dirimuntur?
849 2578 1045 2666 philosophi
1070 2580 1265 2646 defensores

93 2693 245 2778 Homeri,
281 2696 339 2779 qui
376 2695 555 2780 allegorias
590 2695 716 2760 auxilio
746 2703 965 2780 arcesserent,
1001 2717 1135 2782 semper
1157 2696 1266 2782 philo·

94 2811 208 2897 sophis
236 2810 504 2877 obtrectantibus
534 2812 629 2897 quasi
658 2810 837 2898 pedisequi
861 2818 968 2878 erant.
1015 2813 1145 2898 primus
1170 2847 1211 2856 —
1236 2813 1266 2878 si

93 2926 265 2992 Favorino
272 2923 298 3008 5)
315 2927 451 2993 credere
466 2928 548 2993 licet
564 2964 604 2973 -
623 2928 681 3013 qui
699 2928 886 2993 Homerum
897 2951 1015 2994 verum
1027 2928 1266 3014 philosophum

94 3064 167 3107 esse
179 3042 628 3128 adseveraret,Anaxagoras
643 3044 878 3109 Clazomenius
889 3043 970 3110 fuit:
985 3040 1075 3105 δοκεῖ
1086 3039 1122 3105 δὲ
1132 3043 1266 3128 πρῶτος

94 3157 152 3235 (so.
177 3158 408 3244 Anaxagoras)
442 3152 536 3220 καθά
565 3176 647 3244 φησι
674 3159 866 3245 Φαβωρῖνος
890 3154 923 3220 ἒν
947 3155 1151 3245 παντοδαπῇ
1174 3153 1265 3222 loro-

95 3267 160 3358 pt'qr,
184 3267 243 3360 την
263 3264 407 3360 Ὅμηρον
431 3269 570 3361 ποίησιν
590 3265 836 3360 ἀποφήνασθαι
860 3264 943 3337 εἶναι
968 3270 1047 3360 περὶ
1071 3266 1187 3362 ἀρετῆς
1209 3271 1266 3338 καὶ

96 3382 319 3476 δικαιοσύνης·
345 3386 405 3452 ἐπὶ
428 3386 532 3453 πλέον
559 3386 594 3452 δὲ
622 3391 807 3477 προστῆναι
836 3392 895 3454 τοῦ
918 3384 1016 3474 λόγου
1041 3385 1268 3477 Μητρόδωρον

94 3499 151 3567 τόν
171 3499 415 3592 Λαμψακηνόν,
440 3499 602 3593 γνώριμον
625 3496 703 3569 ὅνιοι
727 3497 838 3584 αὐτοῦ,
865 3495 900 3569 ὃν
922 3501 980 3570 καὶ
1003 3509 1137 3593 πρῶτον
1160 3528 1265 3569 occo·
1292 3558 1293 3561 η

95 3613 194 3683 odom
223 3623 282 3685 τοῦ
310 3623 455 3709 ποιητοῦ
482 3618 561 3708 περὶ
589 3616 648 3709 τὴν
676 3617 817 3709 φυσικὴν
844 3618 1115 3708 πραγματείανῧ)
1162 3627 1265 3712 pluri-

95 3761 226 3806 morum
251 3762 292 3806 ex
309 3741 451 3812 Homeri
468 3741 702 3807 defensoribus
724 3747 836 3807 aetate
856 3741 1073 3808 inferioribus
1090 3742 1267 3826 eidemque

202 3917 230 3982 1)
247 3916 336 3972 schol.
350 3917 455 3971 Hamb.
469 3917 507 3972 ad
525 3917 616 3987 3332,
636 3916 811 3986 Schr.1175‚
824 3918 869 3975 16:
889 3910 939 3971 οὐκ
957 3921 1011 3972 εἰσὶ
1031 3916 1063 3970 δὲ
1082 3920 1111 3969 οἱ
1128 3920 1266 3984 ποιητικοὶ

95 4008 159 4059 θεοὶ
193 4000 356 4076 φιλόσοφοι.
407 4006 443 4060 cf.
471 4007 542 4061 Luc.
571 4007 714 4078 quomodo
748 4005 814 4063 hist.
844 4007 883 4061 sit
911 4025 1019 4063 consor.
1047 4008 1066 4062 8
1093 4014 1123 4064 et
1148 4025 1222 4080 quae
1249 4026 1267 4062 a

96 4095 143 4150 OF
153 4095 303 4151 Hermann
322 4094 378 4166 (ed.
396 4115 424 4164 p.
444 4096 489 4164 53)
517 4095 625 4151 similia
647 4095 752 4150 collata
771 4095 839 4151 sint.
869 4127 900 4135 -
929 4096 958 4166 2)
987 4097 1024 4152 cf.
1044 4097 1158 4153 Lehrsii
1177 4098 1266 4153 Arist

96 4203 121 4255 p.
133 4185 234 4256 198sq.
255 4216 285 4224 —
306 4185 333 4247 8)
353 4186 389 4242 cf.
409 4184 525 4241 Lobeck
543 4185 686 4256 Aglaoph.
706 4185 786 4239 1155
800 4202 860 4255 sqq.
881 4215 915 4224 —
934 4184 963 4255 4)
982 4186 1067 4256 Diog.
1078 4187 1172 4242 Laert.
1183 4187 1213 4242 II
1225 4189 1266 4242 11.
1324 4201 1330 4212 ·

96 4305 128 4314 -
158 4273 186 4345 s)
215 4275 298 4345 mog.
317 4276 414 4331 naara.
434 4274 518 4330 1111.
552 4275 588 4331 ab
614 4259 685 4330 sia
697 4275 880 4344 raeagenem
900 4275 1069 4346 Rheginum
1087 4277 1141 4330 nac
1160 4276 1190 4330 in
1209 4275 1265 4330 aa·

96 4363 201 4436 ciplina
219 4364 343 4435 primurn
363 4381 425 4421 esee
444 4365 641 4419 contenditur:
667 4364 703 4418 cf.
724 4364 822 4418 christ
841 4365 945 4419 Gesch.
966 4364 991 4420 d.
1012 4384 1055 4434 gr.
1076 4362 1159 4420 Lista
1176 4384 1203 4440 p.
1223 4366 1265 4420 55.

97 4454 123 4524 6)
144 4452 179 4508 cs.
199 4453 250 4508 ΡΑ
261 4453 359 4510 Wolfii
378 4454 487 4526 proleg.
506 4473 533 4526 p.
554 4453 671 4510 CLXII.
