3160 5118
571 411 789 478 ..59..

79 592 263 658 solutione
287 593 488 659 obtrectatio
516 592 615 659 initio
644 593 763 660 scholii
788 599 1047 660 commemorata
1070 589 1264 680 respicitur,

78 710 136 775 ita
165 709 283 776 eadem
299 709 402 774 Duris
426 709 600 774 cuiusdam
617 711 785 775 solutione
801 733 885 796 quae
902 710 1068 796 sequitur:
1093 707 1265 776 Junonem

79 849 125 890 ea
153 826 197 891 de
222 848 322 892 causa
344 833 435 892 recte
456 827 497 891 ab
515 827 664 892 Homero
682 826 851 912 depictam
869 849 951 910 esse,
977 827 1141 912 quianon
1157 833 1265 892 mater
1337 845 1339 852 ’

78 943 223 1008 Dianae
253 942 307 1026 sit,
340 943 400 1008 sed
423 964 577 1007 noverca.
625 943 667 1007 de
690 943 786 1024 Duri,
812 934 1058 1027 προβλημάτων
1078 931 1266 1028 Ὁμηρικῶν

80 1056 134 1140 (G
164 1058 206 1124 ad
233 1059 353 1139 (9499)
389 1059 564 1144 scriptore,
600 1058 853 1124 accuratissime
890 1059 963 1144 egit
990 1058 1201 1124 ALudwioh
1229 1059 1265 1124 in

80 1174 207 1240 Fleck.
232 1175 343 1240 annal.
368 1167 484 1261 philol.
514 1175 609 1258 1895,
633 1197 666 1260 p.
693 1175 834 1240 11-17.

205 1291 311 1356 Ψ194
335 1279 394 1352 οὐκ
418 1279 547 1352 ἄτοπον
570 1283 672 1364 θεοὺς
695 1287 808 1352 καλεῖν
830 1291 987 1372 (Boream
1005 1297 1040 1356 et
1055 1290 1265 1376 Zephyrum)

82 1399 152 1466 ἐπὶ
174 1405 353 1474 τεθνεῶσιν
376 1404 432 1488 (ad
456 1407 605 1473 Patrocli
628 1429 747 1492 rogum
764 1405 1071 1491 inflammandum),
1097 1395 1184 1468 ὅπου
1208 1395 1265 1468 abl

82 1519 151 1582 κτλ
174 1522 342 1609 (sequitur
366 1523 502 1600 solutio)
526 1523 564 1589 Τ.

197 1662 285 1718 Haud
303 1661 364 1718 scio
383 1680 419 1716 an
439 1662 503 1733 quis
522 1663 680 1718 Homerum
711 1661 883 1732 reprehendi
910 1667 994 1732 putet
1023 1661 1131 1717 scholio
1156 1661 1265 1728 raas)

84 1795 90 1806 .
114 1795 122 1806 .
145 1792 151 1806 .
172 1750 230 1810 πῶς
250 1749 290 1816 δέ,
311 1750 417 1821 meost),
437 1743 486 1804 τὸν
504 1757 623 1804 Αἰνείαν
642 1745 692 1803 οὐκ
706 1744 843 1804 Ἀπόλλων
862 1750 924 1823 (qui
943 1753 980 1807 ad
993 1752 1181 1824 pugnandum
1197 1770 1263 1808 oum

84 1838 235 1910 incitavit)
255 1833 357 1912 ῥύεται,
377 1831 445 1893 ἀλλὰ
465 1839 614 1894 Ποσειδῶν
633 1841 822 1912 (Achivorum
840 1840 975 1911 amicus);
997 1839 1100 1909 ψεῦδος
1118 1834 1133 1892 ὁ
1152 1833 1264 1907 ποιητὴς

85 1923 166 1982 πάνυ
187 1929 357 1984 ἐνδείκνυται
379 1923 415 1990 ὠς
435 1923 451 1997 ἦ
473 1925 603 2002 μεγάληῧ)
632 1936 697 2002 περὶ
716 1924 799 1989 θεοὺς
817 1925 941 1996 εὐσέβεια
971 1929 1009 2000 (v.
1030 1929 1146 2001 aassq.)
1177 1929 1264 1981 δυσω-

85 2018 185 2072 ποῦσιν
212 2013 372 2090 tantvm)
398 2025 446 2072 καὶ
473 2013 536 2080 τοὺς
564 2020 602 2074 δι’
621 2022 724 2092 ἔχθρας
753 2010 839 2080 ὄντας,
859 2020 921 2077 AG.
951 2021 1002 2076 sod
1031 2039 1089 2075 non
1116 2019 1264 2090 vitupora-

86 2115 141 2163 tur
165 2109 323 2179 Homerus;
351 2109 382 2164 in
412 2107 466 2180 D5)
496 2109 572 2164 enim
601 2118 657 2166 est:
687 2152 693 2164 .
718 2151 724 2164 .
750 2153 756 2166 .
785 2104 906 2178 ἐζήτηται
935 2109 967 2163 δὲ
990 2109 1048 2168 πῶς
1077 2102 1125 2163 τὸν
1147 2114 1264 2161 Αἰνείαν

87 2191 142 2250 οὐκ
160 2191 292 2251 Ἀπόλλων
310 2192 411 2270 ῥύεται,
432 2191 499 2253 ἀλλὰ
520 2199 676 2264 Ποσειδῶν,
697 2205 746 2252 καί
764 2215 858 2270 φασιν,
879 2191 921 2252 ὅτι
940 2193 955 2266 ἦ
975 2193 1083 2272 μεγάλη
1103 2202 1167 2269 περὶ
1180 2190 1264 2255 θεοὺς

87 2282 216 2354 εὐσέβεια
236 2287 406 2342 decoration
430 2283 559 2359 τυγχάνει
585 2295 632 2342 καὶ
651 2282 713 2348 τοὺς
731 2288 770 2342 δι’
789 2291 892 2361 ἔχθρας
911 2280 998 2347 ὄντας.
1019 2307 1054 2343 ex
1073 2287 1190 2344 scholiis
1209 2286 1263 2340 AG

87 2379 189 2434 Julius
207 2379 307 2434 Nicole
327 2379 391 2451 (Ip.
406 2380 507 2449 195,1)
531 2386 561 2434 et
579 2379 684 2448 ψεῦδος
716 2392 745 2434 et
764 2373 838 2432 πάνυ
867 2387 900 2434 ut
928 2380 1106 2449 glossemata
1133 2377 1262 2449 antiqua,

87 2468 222 2523 codicum
241 2468 295 2524 As
313 2468 390 2524 fonti
416 2468 534 2538 inserta,
563 2469 695 2525 removit.
725 2488 781 2541 quo
810 2469 888 2524 facto
907 2468 1060 2523 sententia
1089 2467 1189 2523 eadem
1217 2475 1264 2524 est

87 2577 164 2631 quae
182 2558 214 2613 in
231 2559 266 2613 D.
287 2559 341 2612 etsi
362 2559 481 2613 minime
499 2562 570 2630 puto
584 2559 833 2630 philosophastros
848 2566 877 2614 et
890 2558 1128 2628 grammaticulos
1141 2558 1261 2612 nomina

88 2667 145 2704 sua
163 2649 290 2704 celantes
309 2665 438 2719 unquam
456 2648 642 2718 dubitavisse,
661 2645 821 2703 Homerum
841 2647 984 2703 mendacii
997 2665 1141 2717 accusare,
1160 2653 1259 2701 tamen

88 2745 120 2794 et
139 2736 257 2793 scholiis
274 2737 434 2792 minoribus
454 2739 475 2793 J
477 2737 527 2792 ulii
545 2738 646 2794 Nicole
665 2737 811 2793 sententia
830 2739 1049 2794 commendatur
1069 2744 1097 2793 et
1121 2755 1155 2791 eo
1185 2737 1260 2808 quod

87 2825 195 2896 ψεῦδος
214 2832 242 2881 et
260 2820 335 2879 πάνυ
353 2828 471 2882 vocibus
490 2828 611 2884 seclusis
630 2827 735 2883 solutio
755 2829 927 2900 respondeat
943 2825 1115 2899 quaestioni.
1135 2845 1172 2882 ex
1184 2826 1260 2882 vitu-

88 2915 288 2990 perationibus
306 2934 376 2987 ergo
394 2917 475 2972 locus
494 2917 685 2973 removendus
704 2916 780 2982 est.⁶)

197 3033 246 3104 Ut
281 3037 317 3101 di
350 3036 469 3102 heroes
505 3059 637 3123 quoque
673 3037 714 3102 ab
739 3037 934 3103 horninibus
970 3038 1026 3101 vel
1049 3033 1261 3122 philosophis

87 3153 145 3218 vel
168 3153 446 3240 philosophorum
482 3153 519 3218 in
541 3153 679 3219 modum
708 3153 936 3218 sentientibus
964 3153 1259 3238 vituperabantur:

89 3269 274 3335 censebant
309 3267 411 3350 enim,
447 3267 620 3334 interdum
656 3267 774 3334 heroas
813 3269 853 3334 ab
890 3269 1038 3335 Homero
1072 3292 1142 3334 non
1177 3265 1260 3334 adeo

87 3387 242 3470 integros
266 3391 471 3472 sanctosque
490 3385 641 3471 depingi,
666 3391 784 3479 utecs
805 3384 972 3469 omnibus,
995 3385 1155 3470 precipue
1179 3384 1260 3450 adu-

88 3503 295 3578 lescentulis,
331 3503 499 3568 virtutum
535 3501 685 3567 omnium
721 3501 909 3586 specimina
943 3505 978 3566 et
1006 3499 1161 3586 exempla
1184 3501 1260 3565 imi·

196 3733 223 3802 1)
242 3733 287 3788 ad.
306 3751 333 3788 v.
352 3733 407 3786 424
425 3732 486 3786 cod.
506 3733 531 3785 A
551 3735 580 3785 et
600 3729 730 3786 Dindorf.
767 3731 830 3785 loeo
854 3735 1014 3800 posuerunt
1042 3729 1154 3785 codices
1188 3747 1260 3800 quos

90 3821 218 3877 Dindorf
241 3841 267 3892 p.
287 3823 348 3890 208,
370 3825 383 3876 l
418 3825 567 3876 memorat.
600 3821 626 3873 D
650 3820 688 3874 ad
711 3835 737 3873 v.
762 3820 814 3874 329
842 3819 1002 3887 collocavit,
1037 3820 1062 3872 si
1090 3821 1259 3886 Hermanno

91 3910 233 3966 Schrader
251 3912 329 3966 1427
349 3912 457 3980 credas,
476 3909 512 3963 ad
525 3929 552 3965 v.
565 3910 627 3976 291,
646 3908 670 3963 si
689 3909 770 3963 Julio
784 3909 890 3964 Nicole.
912 3939 941 3946 -
963 3907 991 3978 2)
1011 3908 1170 3978 emendavi,
1191 3914 1262 3978 φησι

88 4001 149 4056 cod.
169 4031 202 4039 —
221 3999 249 4071 3)
269 4000 311 4055 ita
328 4001 364 4069 D,
383 3993 398 4066 ἦ
419 3990 484 4065 ἄλλη
503 3999 538 4052 Α.
560 4029 590 4037 -
611 3999 637 4068 4)
656 3998 698 4052 ita
716 4000 751 4068 D,
770 3991 786 4065 l
805 3997 823 4052 i.
843 4015 867 4052 e.
888 3992 901 4070 ᾖ
923 3997 955 4051 Α.
975 4029 1009 4036 -
1038 3995 1066 4067 5)
1086 3997 1116 4051 in
1136 3997 1260 4052 Bekkeri

88 4090 213 4162 editione
230 4089 257 4144 A
276 4095 306 4146 et
323 4091 349 4144 D
370 4089 514 4144 codicibus
538 4089 637 4145 eadem
666 4088 742 4143 tradi
769 4087 905 4143 dicuntur
932 4093 1019 4158 atquc
1038 4105 1072 4141 ea
1091 4105 1164 4159 quae
1183 4087 1213 4140 in
1232 4087 1258 4139 D

89 4197 150 4235 esse
177 4179 319 4234 Schrader
346 4179 423 4234 dicit.
454 4209 484 4217 -
515 4177 542 4249 6)
572 4177 657 4234 omisi
684 4178 772 4232 schol.
792 4179 841 4232 ΤΒ
857 4177 893 4231 ad
908 4179 998 4243 0137,
1028 4177 1105 4249 quod
1124 4176 1259 4232 Oobetius

90 4271 238 4338 (Mnemos.
270 4270 348 4337 1876,
374 4267 438 4339 254)
470 4268 709 4324 obtrectationem
740 4268 857 4322 deorum
889 4267 1110 4322 Homericorum
1143 4283 1258 4321 scurrae

90 4359 169 4432 qnasi
188 4357 352 4422 Christiano
380 4357 504 4419 debitam
530 4357 669 4437 perhibet,
698 4357 764 4437 quia
784 4357 914 4430 quaestio
933 4375 992 4418 non
1011 4355 1167 4432 singularis
1186 4355 1257 4415 mihi

89 4450 209 4516 videtur,
