3160 5118
790 397 921 486 ..ης
970 451 1009 467 ..

315 599 441 662 matur:
479 594 523 656 M
540 597 602 662 114
636 588 731 681 παρὸ
766 593 866 683 νηῶν]
900 589 966 660 ἔδει
1002 588 1072 662 ἀπὸ
1101 598 1198 685 νηῶν·
1233 589 1256 687 ἡ
1278 593 1337 684 χὸρ
1361 591 1485 684 ,παρῶ

315 703 472 794 ἐμψύχων
509 704 606 773 ἐστίν.
665 705 773 798 ,παρὸ
813 714 911 799 νηῶν(
953 697 1008 777 οὖν
1047 705 1120 777 ἀντὶ
1154 716 1213 779 τοῦ
1253 707 1339 793 ,ἀπὸ
1376 717 1484 802 νηῶν]

315 828 354 892 Τ.
378 865 422 872 -
450 829 555 895 0705
578 820 697 890 ἔνεικεν
720 829 777 912 (sc.
802 831 900 896 navis
924 831 1177 916 Protesilaum]
1208 824 1249 893 τὸ
1272 827 1331 910 μὲν
1355 823 1487 917 ἔμψυχά

315 960 417 1028 φησιν
444 932 598 1026 ἔχεσθαι,
633 937 675 1006 τὸ
704 939 740 1006 da*
764 934 877 1030 ῶιμυχα
901 941 1078 1031 φέρεσθαι·
1115 945 1224 1022 κακῶς
1249 930 1304 1010 οὖν
1327 947 1381 1009 νῦν
1404 966 1487 1034 φησι

314 1051 353 1121 τὸ
378 1051 534 1145 ,ζένεικενῆ
558 1055 615 1121 καὶ
638 1060 742 1123 ταῦτα
766 1055 942 1145 ἐπαχαχιὸν
965 1055 1002 1124 τὸ
1027 1053 1209 1148 ,ἀπήγαγες
1235 1065 1355 1146 (706).
1382 1114 1389 1130 .
1415 1116 1423 1130 .
1448 1065 1488 1131 Τ.

316 1176 407 1261 quod
429 1177 544 1242 nescio
567 1178 662 1242 cuius
679 1187 741 1262 est,
766 1185 941 1244 cartonen
960 1179 1172 1245 Aristarchei
1187 1181 1304 1246 ullius:
1329 1182 1363 1245 cf
1378 1181 1488 1246 Lehrs

316 1290 423 1357 Arist.
448 1316 480 1378 p.
508 1294 582 1359 137.
607 1330 648 1339 -
677 1293 904 1360 barbarismus
929 1296 1033 1360 semel
1057 1301 1190 1360 tantum
1214 1296 1395 1362 adnotatus
1419 1303 1489 1360 est:

317 1408 346 1468 Σ
355 1408 398 1472 26
421 1401 627 1495 μεγαλωστί]
651 1458 682 1475 ..
702 1459 710 1476 .
735 1401 801 1472 ἔδει
825 1405 861 1473 da*
876 1403 1058 1490 μεχαλιστί,
1083 1400 1128 1486 ῶς
1144 1404 1298 1496 φρυγιστί
1314 1406 1488 1496 ῥιομαϊστιῗ.

316 1524 358 1607 Τ,
395 1546 480 1610 quae
511 1525 727 1609 antecedunt,
762 1526 855 1592 ina
891 1527 1007 1593 codice
1043 1550 1174 1614 quoque
1209 1535 1299 1611 sunt,
1336 1528 1489 1594 sednon
1568 1597 1574 1607 „

315 1636 439 1716 haec.¹)
476 1677 517 1686 -
554 1641 613 1706 sed
647 1643 755 1707 multo
791 1642 925 1727 saepius
960 1643 1079 1709 insunt
1113 1644 1149 1709 in
1180 1643 1318 1710 scholiis
1342 1667 1435 1730 quae,
1451 1645 1489 1710 in

315 1757 522 1822 soloecismis
560 1779 786 1824 numeremus,
862 1759 1147 1845 deprehendimus
1186 1761 1249 1825 hoo
1288 1760 1326 1826 in
1363 1783 1490 1845 genere

314 1873 448 1937 Zoilum
496 1873 725 1960 Chrysippum
771 1874 986 1958 Alexionem3
1039 1876 1161 1961 quihus
1207 1875 1380 1940 addenda·
1410 1883 1491 1942 sunt

315 1989 454 2054 scholia:
483 1991 522 2048 A
534 1990 598 2055 509
623 1982 744 2074 (τόφρα
768 1981 795 2049 d'
822 1985 882 2051 ἐπὶ
910 1982 1057 2073 Τρῶεσσι
1080 1984 1171 2052 τίθει
1195 1981 1323 2073 κράτος,
1349 1980 1422 2076 ὄφρ’
1449 1981 1491 2051 ἂν

315 2100 399 2183 κτλ.)
425 2156 431 2171 .
458 2155 465 2170 .
491 2156 499 2172 .
528 2104 638 2178 κακῶς
656 2099 702 2165 de*
729 2097 768 2165 τὸ
797 2095 1008 2191 ἆναφορικόν.
1056 2095 1199 2184 ἀλλαχοῦ
1228 2102 1263 2167 te*
1287 2096 1402 2192 ,ὄφρα
1430 2102 1491 2186 μὲν

315 2209 479 2305 ἠέλιος-
493 2215 601 2306 τὸφρα
616 2211 691 2300 μάλ)
711 2210 906 2306 ἀμφοτέρων
921 2211 1003 2302 βέλε’
1019 2210 1166 2306 ἥπτετο(
1184 2224 1234 2302 (Π
1242 2221 1331 2304 777).
1360 2223 1431 2289 TB.
1447 2263 1488 2270 -

316 2338 423 2402 Β229
448 2326 482 2423 (η’
504 2329 553 2398 ἔτι
581 2332 638 2399 καὶ
659 2337 779 2420 χρυσοῦ
802 2327 982 2416 ἐπιδεύεαι,
1023 2327 1059 2398 ὸν
1082 2333 1119 2400 κέ
1141 2360 1192 2412 τις
1216 2330 1315 2421 οἴσει)
1344 2338 1420 2412 πῶς
1442 2339 1492 2423 μη

315 2448 589 2537 προχνιοσθέντος
611 2453 671 2515 τοῦ
692 2454 811 2538 χρυσοῦ
840 2447 879 2514 τὸ
908 2443 1035 2539 ἄρθρον
1063 2448 1197 2540 ἒπῆξελ)
1225 2449 1282 2516 καὶ
1310 2455 1358 2536 τῷ
1382 2446 1490 2532 ,οἷ’σει(

315 2564 467 2648 μέλλοντι
496 2563 554 2632 τὸν
582 2559 636 2648 da·
666 2572 704 2636 Τ.
731 2608 772 2617 —-
801 2572 909 2636 A503
938 2563 995 2632 τὸν
1026 2566 1061 2632 dc*
1090 2563 1207 2645 σκότος
1231 2559 1308 2633 ὸσσε
1331 2563 1491 2656 κάλυψεν)

315 2679 530 2766 σολοικισμὸς
546 2679 639 2772 παρὸ
655 2679 715 2761 τὸς
730 2679 897 2762 πτιὸσεις·
915 2679 981 2748 ἔδει
1005 2678 1065 2772 χοίρ
1089 2681 1197 2749 εἰπεῖν
1221 2687 1289 2763 ,τοῦ
1313 2681 1349 2748 de*
1372 2678 1492 2760 σκότος

317 2792 393 2865 deca
415 2795 583 2887 κάλυψεν.
630 2802 707 2888 AD,
732 2805 769 2869 in
786 2805 818 2868 0
842 2804 989 2888 breviuS,
1015 2804 1131 2870 addito
1156 2794 1225 2864 ἀλλ’
1252 2796 1322 2865 ἔστι
1346 2795 1490 2888 παράπ-

316 2937 425 2994 τωσις.
451 2957 493 2965 -
519 2921 633 2986 1605.
654 2971 687 2986 ..
711 2914 768 2981 καὶ
793 2909 810 2980 ὸ
833 2909 999 2998 Ἀχιλλεὸς
1022 2910 1282 3004 ἀποκρινόμενος
1305 2937 1407 3004 φησιν
1430 2908 1493 2996 „cii

318 3029 352 3097 τί
373 3057 415 3114 με
437 3027 557 3121 ταύτης
578 3028 661 3120 χρεῶ
685 3037 805 3122 τιμῆςιι
829 3035 922 3118 (607)
951 3027 1025 3097 ἀντὶ
1052 3035 1111 3098 τοῦ
1140 3025 1177 3097 οὗ
1208 3028 1318 3118 χρείαν
1346 3027 1408 3112 ἔχω
1432 3027 1492 3118 τήν

318 3173 353 3213 τε
376 3151 442 3212 τῶν
462 3141 633 3237 Ἑλλήνων
645 3147 702 3214 καὶ
717 3142 958 3234 Ἀχαμέμνονος
973 3144 1081 3238 τιμη’ν.
1117 3145 1175 3214 καὶ
1191 3143 1260 3212 ἔστι
1277 3143 1493 3229 σολοικισμὸς

319 3260 413 3352 παρὸ
437 3261 497 3342 τὸς
513 3260 669 3342 πτῶσεις.
694 3268 736 3335 A.
755 3305 795 3314 --
813 3271 847 3328 K
857 3269 900 3333 43
925 3260 1019 3351 (χρειὸ
1043 3265 1163 3353 βουλῆς
1186 3262 1244 3347 ἐμὲ
1267 3261 1323 3328 καὶ
1347 3262 1384 3328 σὲ
1408 3264 1492 3345 κτλ.)

318 3378 410 3470 χρεία
435 3382 620 3470 συμβουλῆς
643 3377 732 3459 τινὸς
755 3379 830 3463 ἐμοὶ
853 3379 910 3445 καὶ
927 3377 991 3446 σοι’.
1028 3376 1097 3445 ἔστι
1115 3379 1150 3444 dc*
1166 3375 1380 3462 σολοικισμὸς
1397 3376 1492 3467 παρὰ

318 3494 377 3575 τὸς
400 3499 546 3575 πτώσεις
570 3491 641 3562 ἀντὶ
666 3500 724 3563 τοῦ
748 3495 823 3579 ἐμοὶ
846 3495 903 3562 καὶ
927 3494 990 3562 σοι’.
1015 3500 1056 3567 A.
1076 3536 1118 3547 —-
1138 3500 1311 3567 breviores
1334 3500 1493 3565 soloecis·

318 3640 450 3683 morum
467 3618 702 3684 adnotationes
719 3623 898 3683 servantur
913 3617 1086 3682 codicibus
1102 3618 1161 3682 ΤΒ
1177 3616 1221 3681 ad
1237 3612 1269 3682 Ξ
1276 3616 1353 3700 452,
1374 3616 1493 3681 codice

319 3734 347 3798 Τ
375 3735 417 3799 ad
446 3735 515 3818 05,
549 3735 663 3817 0427,
695 3733 790 3818 Ω73,
827 3734 943 3798 codice
972 3734 1000 3797 T
1029 3735 1119 3799 inter
1154 3734 1262 3798 lineas
1298 3733 1340 3797 ad
1369 3735 1405 3792 N
1414 3733 1491 3816 716,

319 3845 352 3916 Ξ
358 3851 434 3934 418,
468 3850 583 3934 0288,
615 3850 730 3934 0635,
759 3852 798 3911 H
809 3852 859 3916 15.
907 3850 1026 3916 dubito
1054 3873 1098 3915 an
1125 3849 1330 3915 soloecismis
1365 3848 1492 3913 addere

318 4081 531 4089 *αι-.-

426 4177 453 4248 1)
473 4178 561 4234 schol.
581 4179 605 4232 Τ
628 4178 665 4234 ad
690 4178 754 4231 r31
784 4175 832 4247 (ad
858 4171 1025 4247 κατεπλήγηε
1055 4175 1113 4230 ἔδει
1133 4171 1181 4230 διὰ
1199 4177 1248 4232 τοῦ
1266 4176 1296 4249 fr)
1325 4195 1385 4232 non
1414 4176 1493 4232 vitu·

318 4268 496 4338 perationem
515 4286 579 4324 esse
597 4287 633 4323 ex
651 4266 816 4323 Aristonico
836 4267 885 4338 (ad
905 4269 978 4336 Γ31,
999 4274 1031 4320 Π
1036 4268 1101 4336 403)
1121 4269 1313 4339 cognoscitur.
1356 4266 1494 4338 Dionysii

319 4357 431 4412 notatio
451 4358 487 4427 (T
505 4359 541 4412 ad
562 4360 657 4424 0656)
677 4357 794 4414 lectioni
812 4357 1032 4413 constituendae
1051 4364 1104 4413 est.

425 4445 454 4518 2)
474 4448 590 4518 legitne‚
610 4448 658 4520 qui
678 4450 733 4503 hoc
754 4446 877 4517 scripsit,
896 4446 946 4500 τοῦ
959 4446 1086 4520 χρυσοῦὶ)
