3160 5118
575 405 792 471 -25..

56 609 58 616 ·
85 573 230 656 λύοντες
253 572 476 664 ἀντιλέγουσιν
500 574 589 666 αὐτῷ
613 584 770 658 πιθανῶς
794 580 829 646 ἐκ
853 584 912 645 τοῦ
929 573 1202 663 ἀποτελέσματος
1226 571 1270 658 ὡς

84 693 345 784 ἕλλογηθὲντων
370 699 436 760 τῶν
463 689 690 761 ἀπολωλότων
719 699 793 774 ταῖς
830 690 923 774 ὅλαις
951 693 1054 761 ναιιοί.
1106 694 1163 761 καὶ
1199 689 1269 760 ἀπὸ

84 815 156 878 τοῦ
182 807 297 900 πρῴην
320 804 469 900 ἀριθμοῦ
493 809 738 878 ἐπιλειπόντων
758 816 822 900 μιᾷ
846 806 966 901 ἑκάστῃ
991 805 1053 878 ἀνά
1077 808 1113 890 ἓξ
1134 805 1269 899 ἀνδρῶν.

665 1024 710 1088 40

208 1138 406 1225 appendicis
440 1139 549 1204 instar
581 1138 668 1204 addo
702 1141 824 1221 locum,
860 1161 925 1224 quo
949 1139 1064 1204 Zoilus
1091 1137 1271 1221 indicatur,

88 1279 171 1321 non
194 1256 399 1321 nominatur.
447 1255 678 1320 Philodemi
701 1256 787 1320 rhet.
813 1255 873 1320 eol.
899 1255 952 1337 36,
976 1278 1008 1340 p.
1034 1255 1087 1338 72,
1106 1255 1148 1319 18
1171 1255 1271 1320 Gros:

91 1360 171 1432 ἀλλ’
210 1362 240 1432 oi
276 1364 444 1456 ῥητορικοὶ
479 1365 638 1455 σοφισταὶ
665 1363 856 1453 βοοσίριδας
883 1364 940 1431 καὶ
969 1362 1189 1455 πολοφήμοος
1216 1365 1273 1431 καὶ

90 1478 271 1561 τοιούτους
310 1475 430 1560 ἀλλους
468 1477 724 1567 ἐγκωμιάζοντες
767 1478 808 1547 rei
852 1485 917 1546 τῶν
960 1475 1098 1567 ἀγαθῶν
1135 1477 1274 1547 ἔπαθλα

91 1602 333 1666 κοινοποιοῦσι
356 1597 413 1664 καὶ
436 1594 583 1679 πολλοὺς
606 1591 690 1664 εἶναι
714 1593 880 1687 πονηρούς
902 1597 1160 1686 προτρέπονται.

375 1907 405 1975 ΙΙ.
442 1907 485 1975 ue
508 1906 766 1977 testimoniorum
792 1907 1005 1978 auctoritate.

209 2051 322 2137 Agam
350 2054 392 2117 de
420 2052 463 2116 iis
493 2052 572 2117 solis
601 2052 819 2136 testimoniis,
856 2051 977 2136 quibus
1006 2052 1048 2117 de
1078 2053 1151 2117 vita
1174 2054 1274 2117 mori·
1347 2109 1350 2118 ι

95 2171 232 2254 busque
247 2170 335 2234 Zoili
358 2168 517 2234 certiores
541 2168 656 2251 fimus3
682 2168 804 2254 quibus
828 2168 1030 2254 scriptorum
1045 2168 1274 2235 Zoilianorum

97 2289 297 2371 fragmenta
319 2286 508 2367 traduntur,
533 2285 588 2349 hic
612 2284 802 2350 omittenda
825 2285 1001 2350 existumo¹

214 2405 241 2467 l.
265 2401 470 2487 Aequalium
499 2401 541 2465 de
569 2401 664 2466 Zoilo
691 2400 828 2466 iudiciis
852 2400 989 2465 omnino
1014 2423 1178 2483 caremus;
1214 2400 1275 2467 Vi-

100 2518 210 2586 truvii
232 2520 325 2583 locus
349 2527 383 2584 et
405 2517 503 2583 nobis
527 2517 784 2602 antiquissimus
810 2523 844 2581 et
868 2515 1043 2601 pessimus.
1091 2539 1170 2582 nem
1193 2517 1276 2582 talia

100 2637 197 2702 nullo
221 2634 287 2700 alio
309 2635 383 2698 loco
406 2640 555 2717 exstant;
587 2657 628 2698 ex
650 2631 824 2699 veteribus
847 2655 946 2697 nemo
974 2633 1056 2698 talia
1079 2632 1121 2697 de
1145 2632 1276 2699 Aristo-

101 2753 216 2840 phane
240 2750 377 2816 Zoilove
400 2748 530 2832 prodit;
567 2771 652 2834 quae
687 2750 755 2814 iam
784 2749 931 2834 primum
955 2749 1085 2834 legenti
1108 2748 1276 2822 mirabilia

101 2869 274 2936 videntur.
334 2866 533 2934 Olintonius.
571 2866 629 2950 qui
664 2866 754 2930 hunc
783 2866 894 2930 locum
923 2866 1005 2930 satis
1029 2873 1126 2930 caute
1150 2865 1276 2930 delibe-

101 2983 204 3065 ravit,
238 2990 283 3074 ut⁸
312 3004 377 3066 quo
411 2988 563 3067 tempore
598 2980 804 3046 bibliotheca
826 2980 1059 3047 Alexandrina
1092 2982 1277 3047 constituta

103 3105 204 3182 esset,
241 3098 421 3176 evinceret,
460 3097 621 3182 cognovit
661 3079 775 3174 (Hast.¹
796 3097 886 3162 Hell.
915 3097 969 3162 ΙΠ
996 3098 1062 3162 380
1079 3097 1155 3182 sq.):
1193 3097 1277 3179 ,The

102 3214 276 3281 narrative
292 3215 328 3278 of
342 3213 522 3278 Vitruvius
538 3214 666 3278 refutes
682 3210 797 3278 inselff
843 3213 991 3278 hominis
1011 3212 1136 3277 litteris
1154 3211 1277 3278 imbuti

103 3331 331 3428 suspicionem
354 3328 469 3394 fabula
493 3351 532 3394 eo
556 3329 629 3414 ipso
651 3336 775 3412 movet,
799 3329 888 3414 quod
904 3351 989 3414 quae
1006 3328 1047 3392 de
1064 3328 1152 3393 Zoili
1168 3334 1276 3393 morte

103 3447 285 3513 traduntur
307 3446 397 3510 inter
419 3468 455 3509 se
479 3445 696 3510 dissentiunt.
755 3440 919 3525 accedit¹)
954 3443 1043 3530 quod
1071 3445 1185 3509 Zoilus
1220 3446 1276 3509 vel

105 3563 185 3630 Ohii
208 3562 265 3626 vel
288 3561 454 3645 Smyrnae
477 3566 617 3626 necatus
645 3583 718 3625 esse
747 3560 881 3643 dicitur,
917 3560 999 3625 locis
1026 3559 1086 3626 ubi
1108 3560 1276 3626 Homerus

104 3687 204 3745 natus
228 3700 302 3742 esse
324 3676 516 3763 putabatur.
577 3698 673 3762 ‚quae
698 3676 876 3741 Vitruvius
912 3671 1072 3762 profere2)
1103 3676 1277 3741 fictionem

104 3797 205 3882 plane
229 3794 440 3878 ingeniosam
465 3792 639 3874 exhibent3
676 3815 754 3856 nam
783 3815 859 3856 eum
884 3793 942 3878 qui
967 3793 1152 3858 Homerum
1177 3793 1276 3857 casti-

104 3918 255 3996 gaverat,
279 3917 338 3975 eut
361 3931 380 3972 a
403 3908 637 3994 Philadelpho,
666 3931 766 3993 quem
790 3908 912 3974 studiis
936 3909 1127 3974 Homericis
1150 3908 1276 3973 favisse

105 4026 264 4113 inprimis
289 4029 429 4108 constat,
454 4025 490 4090 in
515 4047 612 4090 cruce
639 4023 814 4109 figendum
831 4025 936 4089 fuisse
964 4032 1023 4089 aut
1038 4025 1094 4089 vel
1110 4024 1276 4109 Smyrnae

104 4143 162 4210 vel
186 4142 274 4226 Chii,
298 4141 420 4227 quibus
443 4141 657 4228 potissimum
680 4140 717 4205 in
740 4141 822 4205 locis
847 4141 1034 4206 Homerum
1063 4162 1136 4205 esse
1159 4147 1276 4204 natum

105 4263 196 4325 tama
219 4260 296 4342 fert,
333 4257 374 4323 ad
397 4280 518 4323 necem
546 4279 618 4322 esse
647 4257 867 4343 compulsum,
905 4264 1168 4323 consentaneum
1204 4279 1276 4322 esse

215 4437 243 4510 1)
262 4433 390 4499 Wulfert
408 4434 425 4489 l.
445 4452 468 4496 c.
488 4451 514 4513 p.
534 4435 558 4494 6.
583 4464 616 4474 -
640 4431 669 4510 2)
689 4431 946 4512 verbisb'pindlsri
965 4431 1002 4512 (p.
1022 4433 1068 4501 17)
1088 4438 1162 4495 utor.
