3160 5118
549 445 766 512 ..63-

74 609 188 704 χένετ’)
215 621 418 707 καταγελῶσι
449 624 514 685 τῶν
537 614 649 709 όρθών
672 617 846 690 ἑσταότων.
893 620 1008 711 ῥητέον
1032 621 1067 686 dc*
1092 614 1143 686 ὅτι
1168 618 1244 686 ἐπεὶ

74 728 236 822 όρθοῦταί
258 761 310 814 τις
334 735 390 802 καὶ
410 733 608 826 καθήμενος,
634 729 704 803 οἷον
723 737 821 826 ,ἐζετο
846 731 874 802 d'
894 731 1072 826 ὀρθωθείς(
1097 743 1243 822 (Ψ235).

73 855 113 940 Α,
151 858 256 922 altero
291 857 414 923 solutio
450 858 487 923 in
522 858 560 923 Τ.
619 880 742 924 nomon
777 858 866 924 Zoili
900 858 1113 924 librariorum
1146 859 1245 945 culpo

73 973 215 1058 periisse
245 973 391 1040 conicias
418 973 509 1056 licet,
545 996 586 1039 cx
619 976 749 1040 Goncv.
779 974 808 1035 Ε
816 975 870 1058 20,
902 975 962 1040 ubi
990 997 1051 1061 pro
1074 975 1170 1040 Zoilo
1199 973 1245 1040 sit

74 1083 167 1162 τινές.
203 1125 244 1134 -
280 1090 368 1155 Zoili
396 1090 547 1155 eiusdem
577 1113 650 1156 csse
674 1098 878 1156 consuerunt
899 1090 1098 1156 Dindorfius
1122 1097 1157 1156 ot
1181 1091 1244 1156 Oo-

74 1200 217 1283 botius¹)
247 1205 350 1271 schol.
374 1207 489 1271 A355
518 1206 574 1287 (do
598 1208 746 1272 Hectore
770 1197 896 1286 saucio)
932 1205 995 1293 στῆ
1018 1201 1054 1268 δέ
1078 1197 1155 1288 yvo&
1176 1201 1245 1291 ἐρι-

76 1311 165 1406 πών]
188 1310 233 1395 ὥς
257 1314 466 1407 φιλοψευδὴς
490 1311 507 1384 ὁ
531 1315 654 1407 τυφλός
678 1324 734 1405 (sc.
751 1323 933 1402 Homerus)
958 1311 1010 1384 ότι
1033 1317 1090 1384 καὶ
1114 1311 1245 1384 όπιστα

77 1428 240 1517 ψεύδεται.
288 1438 422 1522 πρώτον
445 1430 506 1522 χοὶρ
530 1428 589 1500 οὐκ
612 1430 744 1524 ἐτρώθη
768 1429 939 1523 όἝιιτιορ,
964 1428 1009 1513 ώς
1030 1429 1129 1514 αὐτός
1145 1455 1246 1525 φησιν

76 1549 120 1628 (v.
146 1554 348 1634 351-353u
373 1543 445 1616 εἶτα
469 1549 504 1616 δέ
526 1549 584 1616 καὶ
607 1547 645 1616 τό
662 1544 861 1639 ἀναδραμεῖν
883 1554 928 1638 (v.
946 1553 1024 1637 354)
1040 1547 1128 1617 πολι)
1146 1551 1245 1640 ἐρριοί

75 1662 170 1744 μένου
192 1661 281 1744 τινός
304 1665 385 1732 ἐστι.
431 1670 507 1745 πώς
531 1653 665 1733 οὖνκαὶ
689 1663 806 1732 ἐπεσεν
828 1666 889 1732 ἐπὶ
912 1660 1054 1752 χοόνατα
1077 1665 1135 1732 καὶ
1158 1661 1244 1734 ἀπέ-

75 1784 157 1847 θανε
177 1785 298 1871 μικροῦ
321 1782 404 1863 dciv,-
427 1788 469 1852 A.
908 1777 910 1780 ⁵

180 1901 321 1968 Saeculo
355 1904 427 1967 iero
461 1909 539 1989 post
561 1903 695 1969 Zoilum
728 1904 837 1970 vitam
873 1903 969 1989 dogit
996 1902 1163 1988 Daphitas
1192 1926 1244 1970 so·

76 2016 197 2099 phista.
250 2019 344 2083 cuius
381 2019 447 2084 etsi
482 2020 519 2085 in
554 1999 690 2085 scholiis
726 2019 876 2120 vestigio¹
908 2043 977 2086 non
1012 2019 1246 2105 inveniuntur,

78 2137 190 2199 tamon
221 2135 321 2200 valde
350 2134 476 2220 dignus
506 2135 651 2220 videtur,
690 2135 748 2221 qui
772 2136 826 2201 his
844 2113 1134 2202 'obtrectatoribus
1157 2135 1247 2202 insc-

78 2255 178 2315 ratur.
224 2249 261 2315 iu
285 2249 391 2316 Suidc
406 2250 489 2316 hooc
505 2260 600 2316 sunt:
625 2244 781 2336 Δαφίόας
802 2243 1041 2337 Τελμησσεόςῗ)
1064 2271 1247 2336 γραμματι-

77 2355 146 2442 κός,
180 2359 348 2451 γεγραφώς
383 2361 461 2452 περὶ
487 2358 634 2453 Ὁμήρου
669 2362 727 2428 καὶ
761 2367 820 2453 της
855 2360 1024 2453 ποιήσεως
1059 2359 1160 2431 αὐτοῦ
1196 2359 1249 2430 ὅτι

78 2474 255 2559 ἐηιεόσατο·
288 2472 466 2569 Ἀθηναῖοι
495 2477 557 2569 γὰρ
586 2460 889 2568 οὐκέστρότευσαν
917 2479 977 2545 ἐπὶ
995 2473 1103 2546 Ἴλιον.
1141 2468 1191 2570 [ἦν
1214 2481 1250 2547 δὲ

78 2579 174 2673 οὗτος
207 2591 457 2684 λοιδορούμενος
489 2596 592 2663 παντὶ
626 2596 683 2663 καὶ
710 2596 823 2685 μέχρις
853 2591 962 2662 αὐτῶν
983 2594 1030 2687 μη
1055 2593 1249 2686 φειδόμενος

78 2715 145 2776 τῶν
177 2715 275 2794 θεῶν,
312 2707 429 2800 ώστεῧ)
463 2711 521 2780 καὶ
548 2707 714 2779 ’Ἄτταλον
745 2711 805 2795 μέν
827 2710 885 2779 τόν
906 2713 1047 2798 βασιλέα
1071 2710 1249 2802 Περγάμου

80 2823 138 2891 dcci
167 2831 263 2895 τοῦτο
296 2825 380 2912 ἔχειν
412 2823 500 2917 αὐτῷ
528 2826 795 2914 ἐπιβουλεύοντα,
824 2827 871 2908 εἰς
895 2829 931 2895 δέ
954 2827 1013 2919 τὴν
1035 2828 1173 2896 Πυθίαν
1196 2830 1249 2896 ἐλ-

83 2939 186 3009 θόντα
208 2943 293 3010 ποτέ
317 2945 484 3012 σκώπτειν
504 2943 551 3024 εἰς
566 2943 604 3012 τό
620 2950 782 3030 μαντεῖον,
807 2945 864 3012 καὶ
880 2945 1085 3033 ἐπιμελοῖντο
1101 2947 1248 3036 ἐρέσθαι,

82 3056 109 3123 εὶ
135 3056 191 3126 τόν
226 3063 338 3127 ἵππον
366 3056 507 3152 εὑρήσει.
553 3067 740 3152 χρησθῆναι
769 3061 805 3128 δέ
833 3058 923 3150 αὐτῷ
946 3057 1093 3153 εὑρήσειν
1116 3062 1248 3146 ταχέως.

82 3167 149 3240 εἶτα
173 3176 294 3244 ἐκεῖνον
317 3178 538 3267 διαθρυλῆσαι
562 3183 670 3260 τοῦτο,
696 3172 748 3245 ότι
763 3178 847 3267 μηδὲ
862 3166 901 3268 ἦν
917 3172 1007 3266 αὐτῷ
1022 3181 1142 3261 ἵππος,
1166 3179 1250 3269 μηδέ

82 3283 243 3364 ἀπώλετο.
303 3287 557 3384 ἀναχωρήσαντα
585 3294 622 3360 δὲ
655 3291 897 3380 συλλαβόμενος
917 3287 1082 3374 ’Ἀτταλος
1109 3294 1250 3374 ἐπέταξε

82 3413 420 3500 κατακρημνισθῆναι·
458 3409 491 3475 ἐν
526 3397 553 3498 ᾦ
589 3410 625 3476 δέ
659 3407 756 3498 τόπῳ
795 3416 894 3478 τοῦτο
929 3411 1064 3497 ἐγένετο,
1101 3410 1254 3477 ἐκαλεῖτο

77 3515 194 3604 Ἵππος
218 3520 236 3592 ό
260 3523 377 3609 τόπος,
413 3526 471 3593 καὶ
499 3523 579 3613 ἐχνιο
603 3523 690 3616 πρὸς
717 3532 765 3614 τῷ
788 3522 926 3614 θανάτῳ
948 3524 996 3618 μη
1020 3527 1187 3616 ἐψεῦσθαι
1211 3525 1249 3593 τό

82 3635 197 3725 λόχιον.
258 3637 361 3722 οὕτως
391 3630 447 3710 οὖν
475 3641 645 3732 ἐνυβρίσας
672 3647 782 3722 κακῶς
806 3627 1017 3734 cattiaco)
1075 3655 1167 3714 rectu
1190 3671 1249 3714 no·

82 3787 290 3798 S...—

186 3852 213 3917 1)
232 3849 371 3906 Mnemos.
392 3852 470 3921 1876,
490 3871 516 3923 p.
536 3851 597 3905 254.
628 3881 658 3890 -
689 3851 717 3921 2)
746 3851 870 3906 formam
889 3850 918 3906 in
937 3849 1172 3922 inscriptionibus
1192 3850 1250 3906 usi·

83 3941 170 3994 tatum
189 3939 317 4010 restitui3
337 3940 469 3996 Daubius
481 3941 572 4012 (Stud.
586 3960 612 4011 p.
624 3940 670 4010 85)
682 3940 828 3996 codicibus
844 3941 949 3995 nititur
962 3957 1019 3995 non
1032 3947 1094 3994 tam
1108 3939 1202 3996 cortis,
1218 3970 1248 3978 —

82 4026 109 4092 3)
125 4028 235 4083 addidit
253 4029 502 4088 Hemstorhusius.
533 4059 563 4068 -
594 4029 622 4098 4)
652 4048 725 4102 quac
753 4030 835 4084 uncis
864 4029 974 4099 seclusi,
1002 4029 1133 4084 Dcubius
1157 4029 1249 4099 (Stud.

83 4135 107 4186 p.
125 4118 171 4190 85)
200 4125 230 4174 ct
247 4119 384 4174 Flochius
412 4120 452 4188 (in
471 4138 544 4174 mus.
563 4121 657 4175 Rhen.
682 4120 739 4174 vol.
758 4121 882 4188 XXXV,
901 4138 927 4189 p.
947 4119 1011 4189 209)
1031 4139 1090 4174 non
1109 4119 1251 4190 Hesychii

84 4223 141 4264 ossc
168 4216 355 4279 censuerunt3
383 4227 419 4264 cx
447 4209 562 4265 Aeliani
590 4213 654 4279 περὶ
678 4216 811 4280 προνοίας
835 4227 868 4263 ea
887 4225 904 4262 a
923 4207 1012 4263 Suida
1041 4215 1157 4280 sumpta
1186 4227 1248 4264 osse

84 4296 323 4354 Wilomowitzius
342 4298 410 4368 (ind.
429 4299 494 4354 loct.
513 4299 592 4354 Gott.
613 4304 682 4353 aest.
705 4299 781 4368 1889,
802 4319 828 4370 p.
846 4296 890 4368 ll)
909 4304 1003 4369 putat,
1023 4300 1146 4354 fortasse
1165 4304 1250 4368 recte,

85 4389 216 4456 quoniam
250 4389 364 4459 saepius
396 4406 432 4443 ox
461 4389 583 4446 Aeliano
612 4388 715 4450 Suidos
748 4388 848 4450 hausit
881 4389 929 4458 (cs.
958 4389 1019 4449 Aci.
1049 4389 1092 4448 ed.
1123 4388 1252 4445 Horchor

85 4495 108 4550 p.
126 4479 279 4551 cos—430,
294 4479 455 4548 νυν-486)-
