3160 5118
748 1225 1023 1320 Theses.

411 1474 438 1538 Ι.
462 1473 504 1536 In
527 1494 628 1562 versu
652 1472 682 1531 B
705 1471 770 1535 229
793 1471 832 1554 is,
858 1471 916 1557 qui
942 1471 1045 1536 schol.
1068 1471 1197 1537 Townl.
1228 1472 1260 1536 ei
1283 1472 1476 1559 adscripsit,
1575 1531 1576 1534 ,

304 1580 391 1664 legit
412 1578 482 1640 τοῦ
503 1577 632 1669 χρυσοῦ.

409 1721 454 1787 II.
479 1721 633 1786 Platonis
667 1721 788 1787 comici
822 1721 1050 1806 fragmentum
1082 1721 1202 1787 dubito
1230 1745 1274 1788 an
1301 1728 1408 1788 restet
1437 1724 1475 1789 in

305 1828 430 1894 codicis
453 1829 540 1894 Ven.
564 1829 596 1894 A
619 1827 748 1894 scholio
773 1830 803 1889 P
810 1830 864 1894 98.
969 1826 971 1830 ’
1012 1822 1015 1828 ’

339 1953 341 1958 ’
409 1971 473 2037 ΙΙΙ.
497 1972 539 2037 In
559 1971 702 2037 Luciani
726 1993 831 2036 somn.
853 1971 1107 2037 2scribendum
1131 1978 1197 2037 est:
1222 1956 1499 2070 ipsumsi-ppo·
1559 1971 1563 1983 '

304 2069 427 2164 γλύφος
449 2066 533 2139 εἶναι
557 2073 663 2139 δοκῶν
684 2071 741 2138 καὶ
765 2072 799 2138 ἒν
820 2059 892 2152 τοῖς
914 2070 1060 2157 puteosa
1083 2068 1266 2158 εὐδόκιμος.

410 2222 470 2288 IV.
505 2221 547 2286 In
575 2221 703 2288 scholio
739 2221 868 2288 Townl.
902 2221 928 2284 0
959 2224 1000 2287 10
1027 2220 1091 2303 (VI
1125 2223 1199 2308 101,
1227 2224 1270 2289 30
1296 2221 1358 2306 M.)
1391 2219 1478 2309 φησὶ

304 2337 468 2426 reciperer
488 2353 681 2433 corruptum
702 2355 811 2413 estex
827 2340 910 2432 φησὶ
925 2328 1118 2425 Kb'pavo‘c

411 2491 452 2557 V.
488 2490 584 2556 Libri
620 2491 662 2556 sd
690 2490 903 2556 Herennium
938 2490 1035 2556 missi
1068 2491 1326 2576 inscriptionem
1359 2515 1479 2559 veram

305 2617 471 2682 contineri
488 2622 571 2702 puto
588 2616 713 2682 codicis
729 2615 984 2702 Herbipolitani
1000 2615 1247 2702 subscriptione
1266 2620 1311 2704 (p'.
1324 2618 1388 2684 377
1405 2617 1478 2700 Μ.).

411 2760 470 2826 VI.
494 2760 597 2826 Probi
621 2760 693 2824 vita
716 2760 914 2845 Vergiliana
938 2759 1100 2826 Suetonio
1124 2768 1205 2827 notu
1228 2767 1308 2828 eret.

411 2903 489 2969 VII.
514 2903 612 2988 Nego
628 2925 682 2967 res
704 2903 873 2969 fabulcres
897 2904 935 2969 in
950 2927 1032 2969 vase
1053 2905 1294 2988 illustrissimo,
1320 2904 1410 2991 quod
1434 2906 1478 2970 ab

306 3011 499 3077 Alexandro
522 3011 685 3096 Francois
709 3033 833 3076 nomen
857 3012 997 3096 occepit,
1027 3012 1180 3098 depictas
1211 3013 1301 3078 inter
1325 3035 1360 3077 sc
1384 3020 1478 3078 certo

306 3120 426 3184 ordine
448 3117 714 3186 relationibusve
737 3118 954 3184 interioribus
978 3119 1177 3185 coniunctas
1200 3141 1283 3185 esse.
