3160 5118
819 396 1038 475 -20-

340 569 379 666 έᾷ
409 571 485 658 τούς
518 577 658 663 ἵππους,
695 571 790 660 ὅπως
821 580 899 669 περὶ
1043 611 1128 674 quae
1171 595 1369 674 sequuntur,
1412 591 1528 674 plane

340 687 460 773 αὐτους
498 693 639 785 γένηται.
690 689 713 786 ἢ
750 691 802 762 ὅτι
841 692 900 764 οὐκ
955 704 1072 772 eadem
1095 711 1175 770 sunt
1198 712 1298 790 abque
1321 706 1358 771 in
1381 707 1456 772 eod.
1475 707 1528 772 A.

339 807 501 900 ἐπέστησε
536 814 584 898 τηῖ
618 811 841 902 συμφέροντι·
863 810 897 879 αῖ

340 921 400 1013 γάρ
413 925 526 1015 φρένες
537 929 783 1017 ταραχθεῖσαιῑ)
793 928 898 1019 παρέ-

339 1042 490 1127 πλαγξαν
525 1043 583 1109 καί
617 1040 708 1132 τὸνῖ)
735 1040 898 1134 σοφόν3)·

338 1162 489 1238 τοιοῦτος
511 1153 694 1248 εὑρίσκεται
717 1167 789 1250 παῤ
811 1154 900 1247 αὐτῷ

338 1273 396 1340 καὶ
420 1269 438 1339 ὃ
459 1269 670 1364 Ἀλέξανδρος
692 1278 761 1342 κτλ.

446 1415 489 1479 of.
511 1413 668 1482 Eustath.
698 1438 728 1503 p.
745 1417 822 1501 516,
839 1416 882 1481 22
899 1438 972 1501 sqq.
1000 1415 1104 1482 verba
1135 1407 1277 1501 ηδίνατο
1306 1451 1347 1460 -
1376 1411 1526 1490 ἵπποις,
1567 1507 1568 1512 ¹

339 1552 425 1616 quae
459 1537 538 1597 sunt
572 1531 610 1596 in
645 1531 717 1597 cod.
741 1531 783 1616 A,
819 1553 887 1598 non
911 1539 990 1597 sunt
1019 1532 1055 1597 in
1080 1531 1152 1597 cod.
1177 1533 1217 1616 B,
1254 1538 1334 1597 νοτε
1358 1531 1526 1596 Zoiliana

338 1668 413 1712 esse
435 1647 607 1714 videntur.

904 1802 948 1865 29

447 1913 489 1979 ad
512 1917 547 1976 K
567 1913 634 1980 274
646 1938 718 2001 sqq.

339 2049 427 2111 τοῖσι
451 2049 561 2132 (Ulixi
584 2050 821 2135 Diomedique)
850 2044 886 2112 δὲ
909 2042 1014 2124 δεξιόν
1037 2033 1112 2136 ἧκεν
1140 2041 1276 2133 ε’ρωδιδν
1299 2040 1392 2131 ἐγγυς
1416 2038 1523 2111 ὁδοῖο

340 2157 479 2238 Παλλάς
502 2155 680 2251 Ἀθηναίη·
705 2161 758 2227 τοί
782 2156 873 2229 δὀὐκ
896 2157 968 2228 ῖδον
993 2155 1202 2251 ὀφθαλμοῖσι

339 2272 439 2342 νάκτα
462 2277 505 2342 δι’
530 2271 699 2367 ὀρφναίην,
724 2271 808 2344 ἀλλά
832 2274 1031 2364 κλάγξαντος
1057 2270 1201 2344 άκουσαν

339 2415 423 2481 haec
447 2415 608 2482 adnotata
631 2424 710 2483 sunt
734 2418 830 2496 (Ven.
856 2419 894 2502 Β,
919 2417 1022 2484 Dind.
1045 2417 1099 2482 ΠΙ
1115 2418 1191 2499 440,
1216 2415 1523 2501 Porphyr.1153,

339 2532 382 2597 22
410 2532 516 2613 Sohr.)
550 2555 569 2597 a
596 2534 838 2621 Porphyrio:
878 2529 1007 2607 Ζωΐλος
1042 2523 1232 2618 ὁκληθείς
1263 2521 1526 2617 (Ομηρομάστιξ

340 2643 422 2730 γένει
445 2643 505 2728 μέν
521 2631 559 2734 ἦν
572 2640 831 2735 Ἀμφιπολίτης,
855 2640 913 2711 τοῦ
930 2645 966 2710 δέ
979 2639 1199 2732 Ἰσοκρατικοῦ
1215 2641 1522 2730 διδασκαλ(είου)4),

340 2755 376 2839 ὅς
410 2757 534 2849 ἔγραφε
568 2757 610 2825 τά
644 2754 721 2829 καθ’
742 2754 890 2851 (Όμηρον
913 2758 1092 2846 γυμνασίας
1122 2758 1223 2842 ἕνεκα,
1260 2756 1431 2826 εἰωθότων
1455 2761 1524 2827 καί

339 2881 404 2942 τῶν
431 2877 575 2967 ῥητόρων
603 2875 636 2940 έν
663 2880 734 2954 τοῖς
760 2881 921 2967 ποιηταῖς
949 2873 1182 2963 γυμνάζεσθαι.
1233 2863 1328 2954 οὗτος
1362 2868 1446 2940 άλλα
1483 2903 1524 2945 τε

339 2989 451 3058 πολλά
471 2986 617 3082 Ὁμήρου
640 2998 814 3082 κατηγορεῖ
840 2993 898 3059 καὶ
921 2989 963 3058 τά
986 2991 1065 3080 περὶ
1092 2996 1153 3058 τοῦ
1181 2989 1328 3081 έρωδίου,
1354 2982 1390 3057 δν
1412 2989 1445 3056 έν
1474 2999 1524 3084 τῇ

337 3105 544 3197 νυκτεγνρσίηι
578 3104 712 3197 έπεμψε
735 3114 805 3187 τοῖς
839 3108 918 3197 περὶ
952 3107 1010 3174 τόν
1039 3103 1199 3176 Ὀδυσσέα
1234 3102 1254 3198 ἡ
1287 3101 1425 3197 Ἀθηνᾶ,
1467 3100 1522 3191 ὃν,

338 3222 447 3315 φησίν,
473 3218 531 3290 οὐκ
554 3217 642 3290 εἶδον
665 3219 903 3313 ὀφθαλμοῖσιν,
929 3218 1013 3290 ἀλλὰ
1036 3221 1234 3311 κλάγξαντος
1258 3217 1410 3290 άκουσαν.
1435 3230 1526 3305 παῖς

337 3337 407 3430 γάρ,
432 3339 524 3431 φησί,
547 3345 640 3428 χαῖρε
663 3340 699 3406 δέ
722 3335 768 3428 τῴ
794 3334 904 3430 ἷίρνιθι
926 3335 1117 3422 Ὀδυσσεάςς
1152 3337 1241 3418 εἰκὸς
1269 3337 1329 3429 γὰρ
1358 3326 1397 3429 ἦν
1423 3333 1523 3407 ὓπο-

337 3458 449 3540 λαβεῖν
488 3453 707 3546 περιβοήτους
741 3454 893 3524 ἔσεσθαι·
930 3456 1023 3548 φωνη
1064 3454 1124 3544 γάρ
1160 3455 1296 3547 σημεῖόν
1335 3455 1405 3521 ἑστι
1440 3462 1525 3537 τοῖς

337 3569 513 3638 λανθάνειν
536 3572 812 3661 προαιρουμένοις
835 3568 1038 3640 ὑπεναντίον.
1084 3570 1313 3662 Μεγακλείδης
1335 3574 1396 3658 (se.
1417 3567 1521 3656 λάει),

338 3682 389 3755 ὅτι
417 3693 583 3772 μαντικοῖς
611 3693 713 3758 ταῦτα
747 3687 886 3780 ἐποίησε
903 3715 910 3728 ·
928 3691 1025 3780 δηλοῖ
1057 3686 1117 3777 γάρ
1142 3682 1199 3754 δτι
1228 3684 1339 3778 φωνην
1369 3680 1521 3777 ἥκουσαν

445 3853 470 3916 l)
489 3851 666 3922 ταραχθησαι
685 3853 719 3907 Α,
741 3883 774 3890 -
793 3854 820 3912 2,
839 3844 869 3904 τὸ
888 3853 923 3907 A.

443 3941 471 4009 3)
490 3960 549 3996 non
577 3941 703 3996 fortasse
731 3941 774 4011 (ut
801 3940 897 4013 inquit
915 3941 1104 4010 Dindorfius)‚
1133 3941 1182 3998 sed
1203 3948 1281 3997 corto
1301 3938 1431 3996 Pindari:
1465 3939 1514 4016 Ol.

336 4031 440 4086 VII30
458 4034 488 4082 αἱ
507 4030 538 4084 δὲ
558 4030 667 4101 φρενῶν
686 4035 807 4102 ταραχαὶ
825 4034 1023 4102 παρέπλαγξαν
1041 4035 1088 4083 καὶ
1107 4025 1206 4102 σοφόν.

442 4164 471 4232 4)
490 4125 615 4218 δίδασκέ
640 4166 701 4221 cod.
717 4165 753 4236 B;
776 4165 977 4221 διδασκαλείου
993 4167 1169 4223 Schraderus
1184 4172 1300 4222 secutus
1317 4164 1514 4222 Dindorfium.

337 4253 478 4310 Villoison
507 4248 677 4314 διδάσκαλος
716 4256 786 4318 ,eius
820 4255 933 4311 dicendi
968 4256 1090 4312 rationis
1120 4275 1176 4327 qua
1203 4257 1346 4311 Isocrates
1374 4255 1516 4310 utebatur

338 4343 494 4415 magister‘.
541 4345 680 4400 Lehrsius
705 4345 746 4416 (in
767 4343 917 4401 Kammeri
941 4347 1010 4402 diss.
1031 4347 1066 4400 de
1084 4346 1191 4417 Porph.
1211 4345 1299 4400 schol.
1320 4343 1397 4412 1863,
1417 4362 1443 4415 p.
1463 4345 1513 4414 69)

336 4432 385 4488 τοῦ
403 4433 434 4486 δὲ
454 4426 639 4508 Ἰσοκρατικοῡ
653 4434 827 4509 χαρακτῆρος
846 4429 1084 4494 άντιδιδάσκαλος.
1121 4435 1171 4490 sed
1190 4433 1225 4490 cf.
1244 4453 1272 4508 p.
1291 4435 1326 4490 36
1336 4453 1377 4508 sq.
