3160 5118
792 441 1010 504 ..30-

315 617 342 680 'P
367 615 410 680 ad
437 615 552 700 0241,
577 617 702 684 Herod.
728 619 770 684 ed
798 618 913 701 Θ441,
938 619 1058 702 ε240);
1082 619 1231 685 dilucide
1256 619 1348 684 enim
1371 643 1483 685 rerum
1575 673 1576 696 2

313 733 609 817 grammaticarum
645 741 761 800 auctor
796 742 848 799 est
876 725 1081 817 Χρύσιππος
1105 725 1122 796 ὁ
1147 727 1292 810 Στωϊκός
1320 737 1356 802 in
1380 735 1483 802 schol.
1575 719 1576 736 .

312 848 344 913 A
373 847 413 912 ad
443 850 567 934 A128,
597 853 632 910 Ν
639 846 722 934 41‚¹)
752 851 789 916 in
818 851 943 917 Herod.
968 853 1204 935 1108,10L.;
1241 859 1342 939 atque
1370 847 1483 930 alibi2)
1575 897 1576 900 =

312 965 438 1049 scripte
474 966 546 1031 eius
581 967 802 1050 grammatico
836 968 1000 1032 nonnulle
1034 969 1226 1034 laudantur.
1284 973 1485 1053 argumente

313 1080 514 1166 philosophe
556 1082 693 1147 nomine
738 1082 810 1148 eius
848 1083 900 1148 uti
938 1083 1094 1149 videmus
1133 1085 1170 1149 in
1210 1084 1313 1150 schol.
1343 1083 1404 1149 Ar
1441 1083 1483 1148 ad

318 1197 351 1256 Ψ
359 1197 467 1280 6566,
494 1198 556 1263 TG
573 1198 615 1263 ed
634 1199 749 1264 (0483.
794 1200 935 1264 minime
956 1222 1130 1266 secernere
1153 1199 1235 1266 licet
1252 1199 1485 1286 Chrysippum

300 1313 478 1406 ¹quendam
508 1316 765 1397 grammaticum
798 1339 817 1380 e
851 1311 1088 1402 philosopho.³)
1114 1352 1152 1360 —-
1180 1315 1266 1380 958
1290 1306 1426 1397 γυναῖκα
1448 1335 1486 1376 τε

312 1419 442 1514 θήσατο
465 1421 584 1513 μαζόν]
608 1421 682 1491 ἀντὶ
703 1430 762 1492 τοῦ
782 1423 941 1512 γυναικός,
967 1421 1011 1505 ὡς
1039 1425 1077 1494 τὸ
1108 1419 1149 1510 ,,ὃ
1177 1421 1203 1493 δ’
1234 1423 1356 1515 ἐρινεὸν
1383 1422 1486 1509 τάμνε

312 1537 402 1618 νέους
426 1533 595 1630 ὅρπηκαςίί
620 1547 748 1628 (oet)
785 1536 807 1632 ἢ
830 1548 1024 1627 γυναικεῖον·
1050 1537 1071 1633 ἢ
1093 1542 1250 1632 παρέλκει
1279 1539 1317 1609 τὸ
1340 1538 1485 1628 μαζόν.4)

311 1651 387 1734 τοὺς
422 1655 457 1721 δὲ
491 1653 660 1736 τοιούτους
694 1655 927 1742 σολοικισμούς
961 1656 1237 1746 ἕπικυμισμούςῧ)
1273 1655 1303 1724 οἱ
1340 1657 1486 1724 Στωϊκοὶ

311 1773 448 1837 καλοῦσι
466 1768 522 1837 διὰ
538 1768 597 1862 τὴν
612 1767 869 1863 ἇνισοσημίανβ)
894 1769 979 1841 οὕτω
996 1775 1031 1841 δὲ
1047 1771 1156 1862 ἔλεγον
1173 1769 1201 1862 ,ὃ
1218 1779 1303 1853 παῖς
1318 1770 1484 1864 θηλάζειί.

311 1893 349 1957 Τ.
374 1894 445 1959 sole
461 1893 641 1979 explicatio
658 1895 768 1980 prime
785 1894 972 1961 Aristonici
991 1903 1042 1962 est
1060 1899 1103 1983 (p.
1117 1895 1485 1976 2OLFriedleender).

310 2008 401 2073 unde
427 2009 618 2098 Stoicorum
641 2011 770 2076 mentio
787 2012 915 2077 orietur
930 2012 1053 2078 nescio.
1079 2049 1120 2058 ·-
1145 2012 1341 2076 memineris
1359 2011 1486 2076 deinde

311 2125 540 2211 Chrysippum
564 2148 631 2190 une
647 2149 723 2192 cum
739 2127 834 2193 Zoilo
859 2130 948 2208 (teet.
969 2128 1024 2211 14)
1048 2151 1086 2193 eo
1102 2151 1319 2214 progressum
1342 2149 1427 2211 esse,
1444 2135 1486 2192 ut

310 2242 496 2306 Homerum
512 2243 703 2307 soloecismi
718 2244 899 2309 incusaret.
940 2243 1031 2309 idem
1051 2244 1134 2309 fecit
1150 2244 1297 2311 Alexion
1313 2266 1484 2328 gramma·

309 2357 397 2421 ticus
411 2356 512 2422 schol.
526 2361 557 2418 Z
569 2358 631 2423 149
649 2340 707 2441 (ὦς
720 2348 845 2442 ἀνδρῶν
861 2351 950 2444 γενεὴ
964 2348 1044 2445 ἠμὲν
1062 2351 1138 2444 φύει
1155 2349 1204 2445 ἠδ’
1225 2349 1403 2444 ἀπολήγει)
1422 2407 1429 2419 .
1447 2411 1454 2424 ,
1475 2407 1483 2419 .

310 2463 444 2533 δύναται
464 2467 524 2552 μὲν
543 2468 600 2534 καὶ
621 2463 731 2559 ἶν’ρθρα
752 2463 845 2550 εἶναι,
868 2464 1002 2554 ἄμεινον
1022 2471 1057 2536 δὲ
1074 2470 1270 2554 συνδέσμους
1286 2469 1483 2552 ἐκδέχεσθαι,

310 2577 464 2668 coronel)
508 2578 662 2665 Ἀλεξίων
685 2585 721 2651 δὲ
744 2580 875 2652 εὐθύνει
899 2592 1144 2677 (reprehendit)
1167 2582 1208 2652 roi
1233 2580 1344 2676 ἄρθρα
1368 2588 1482 2653 σολοι-

309 2697 426 2783 κισμὸν
449 2698 534 2767 κατὰ
558 2698 617 2791 σὴν
640 2698 762 2792 φράσιν
785 2700 926 2786 νομίζων
948 2701 1006 2769 καί
1029 2727 1111 2793 φησι
1137 2707 1232 2792 ηπῶς
1255 2698 1361 2769 ἑνικὸν
1386 2697 1423 2769 llv
1442 2701 1483 2769 τὸ
1575 2773 1576 2776 ¹

222 2817 226 2830 l
390 2812 398 2834 Ῐ
427 2815 436 2839 ’ί
549 2816 556 2839 Ι
731 2815 739 2838 Ι
985 2824 1000 2838 ον
1140 2815 1148 2840 Ι
1304 2815 1312 2838 ἱ
1410 2818 1417 2839 h
1454 2819 1464 2841 ἱ
1575 2815 1576 2822 ’

308 2840 396 2906 γενευ
421 2818 675 2905 επιμεριζεσθαι
699 2819 876 2900 δυναυαι,·“
909 2819 1062 2902 ostoph
1108 2822 1244 2885 δυναυαι
1273 2843 1333 2908 γαρ
1361 2845 1418 2885 και
1448 2819 1485 2899 εξ

417 3032 683 3104 ψωυψ.

413 3125 440 3192 2)
459 3123 493 3179 cs.
514 3124 544 3178 M
556 3124 742 3194 Sengebusch
763 3125 830 3180 diss.
853 3126 938 3180 Hom.
959 3123 1027 3180 169.
1065 3125 1196 3180 Schmidt
1215 3125 1302 3180 Stoic.
1322 3132 1481 3196 grammat.
1575 3137 1576 3172 l

307 3234 333 3284 p.
359 3214 394 3268 50
416 3233 445 3269 n.
483 3213 643 3285 GSchepes
673 3214 709 3268 de
737 3214 905 3274 soloecismo
934 3234 960 3284 p.
989 3217 1032 3272 20.
1080 3215 1147 3270 Ohr.
1175 3213 1281 3270 Aronis
1312 3208 1484 3285 Χρύσιππος
1575 3201 1576 3218 ’

306 3297 502 3374 γραμματικός
520 3303 585 3358 Jen.
608 3304 683 3358 1885.
723 3303 823 3358 Christ
842 3304 944 3361 Gesch.
965 3305 990 3359 d.
1011 3323 1054 3375 gr.
1074 3302 1158 3359 Litt.2
1175 3323 1201 3376 p.
1221 3305 1282 3361 506.

413 3392 440 3462 3)
460 3393 490 3446 in
519 3393 637 3447 scholiis
657 3392 828 3461 Homericis,
858 3411 975 3450 necesse
1003 3395 1082 3448 haud
1110 3394 1169 3450 scio
1197 3413 1234 3449 an
1262 3393 1301 3448 sit
1329 3393 1359 3448 in
1389 3395 1482 3449 schol.
1575 3411 1576 3480 ρ

306 3481 404 3538 Pind.:
424 3481 504 3536 Schr.
524 3483 610 3550 1390,
626 3484 643 3535 2
662 3488 691 3537 et
711 3483 778 3537 Chr.
799 3483 907 3538 Aronis
926 3484 944 3536 l.
964 3484 981 3538 l.
1001 3503 1028 3554 p.
1048 3484 1083 3538 35
1103 3501 1163 3555 sqq.

415 3568 443 3640 4)
464 3577 530 3642 post
547 3565 638 3642 μαζόν
656 3571 687 3626 in
706 3572 746 3625 B:
765 3563 782 3638 ἢ
800 3575 888 3624 λείπει
909 3577 947 3630 εἰς
965 3565 995 3624 τὸ
1015 3565 1105 3643 μαζὸν
1124 3565 1139 3638 ἦ
1159 3565 1237 3626 κατά.

413 3660 440 3729 5)
460 3660 491 3714 Τ.
511 3678 610 3715 vocem
630 3680 702 3732 quae
722 3661 790 3716 alibi
808 3680 866 3716 non
886 3668 980 3717 exstet
995 3669 1090 3716 mutet
1102 3661 1235 3732 Heynius
1248 3661 1278 3716 in
1292 3663 1477 3733 ἐπιχυματισ-

306 3743 367 3820 μός,
388 3749 502 3804 Bekker
515 3749 544 3802 in
560 3743 759 3822 ἔπιχυμισμός.
779 3749 879 3805 dubito
892 3769 929 3805 an
944 3769 961 3804 a
974 3755 1141 3822 κυματίζειν,
1162 3753 1368 3821 ἐποκυματίζειν
1382 3751 1482 3807 verbis

305 3839 344 3892 sit
371 3837 535 3892 derivatum
563 3857 666 3894 nomen
688 3834 918 3912 ἑπικυματισμός.
948 3840 1024 3911 quod
1053 3839 1120 3911 quia
1139 3839 1301 3896 Stoicorum
1329 3841 1482 3912 proprium

306 3927 494 3997 alicundeque
517 3946 575 3981 non
600 3936 701 3983 notum
727 3935 797 3999 erat,
826 3947 843 3982 e
863 3929 988 3984 librariis
1007 3929 1198 4000 deprevatum
1218 3935 1269 3984 eet.
1307 3930 1481 4002 GSchepsS,
1575 3933 1576 4010 l

306 4016 355 4090 qui
374 4017 410 4071 de
428 4016 597 4072 soloecismo
617 4016 748 4088 (Argent.
773 4017 851 4088 1875)
870 4018 939 4088 egit,
969 4037 1026 4074 non
1046 4019 1129 4074 novit
1157 4020 1253 4074 locum
1271 4020 1351 4074 hunc
1370 4036 1481 4075 memo·
1575 4063 1576 4090 3

305 4106 432 4162 rabilem.
1575 4093 1576 4106 ¹

412 4194 440 4266 6)
461 4189 641 4267 ἆνισοτιμίαν
659 4198 770 4267 Heyne.
1575 4259 1576 4270 ,

412 4285 439 4352 7)
460 4285 642 4340 Herodianus
670 4294 700 4341 et·
724 4287 785 4358 ipse
809 4287 912 4353 melius
936 4293 1035 4343 censet
1056 4279 1087 4342 τὸ
1112 4280 1272 4362 σύνδεσμον
1295 4291 1480 4360 παραλαβεῖν,
1575 4339 1576 4352 ,

305 4375 486 4442 nmmo
1217 4369 1219 4372 ·
1575 4361 1576 4376 ¹

411 4462 440 4538 8)
459 4463 549 4533 κακῶς
569 4464 599 4517 δὲ
621 4465 653 4528 Β.
