3160 5118
554 417 772 497 ..3)-

63 619 141 694 tur,
178 611 207 677 si
241 618 333 677 recte
351 611 477 688 ‚adhuc
512 609 784 677 diiudicavimus.
794 605 819 686 1)
866 614 924 673 aut
952 605 1163 692 Porphyrius
1192 603 1248 670 hio

65 729 124 793 ita
149 728 286 811 erravit,
315 733 354 792 ut
377 749 454 792 eum
479 749 579 812 quem
602 726 760 793 Isocratis
783 725 958 811 aequalem
980 720 1085 788 luisse
1109 721 1248 803 sciebat,

64 844 237 909 Isocratis
271 843 507 910 auctoritatem
535 841 619 907 adeo
649 842 825 928 vigentem
853 845 1006 906 secutum
1036 860 1109 904 esse
1132 836 1249 924 opina-

66 955 209 1043 retur‚²)
244 967 303 1024 aut
336 959 494 1025 librarius
530 957 690 1023 mendose
719 958 865 1042 scripsit,
895 955 1042 1021 scribere
1064 976 1126 1019 nos
1150 953 1250 1020 iussit

67 1076 242 1141 Lehrsius
277 1074 327 1156 (in
359 1074 533 1140 Kammeri
561 1073 639 1139 diss.
665 1074 708 1139 de
731 1073 855 1159 Porph.
880 1071 983 1137 schol.
1009 1071 1109 1141 Hom.
1134 1093 1167 1156 p.
1192 1067 1251 1151 69)

68 1191 136 1252 τοῦ
181 1185 217 1250 δὲ
269 1179 488 1274 Ἰσοκραῑικοῦ
535 1187 749 1273 (χαρακτῆρος
794 1177 1118 1270 ἇνῑι)διόάσκαλ(ος);
1164 1186 1251 1252 hanc

69 1329 198 1372 vocem
221 1328 389 1391 nusquam
412 1304 574 1370 traditam
597 1305 737 1370 formari
759 1319 828 1370 non
852 1326 935 1389 opus
959 1308 1020 1386 est,
1045 1302 1075 1367 si
1092 1301 1251 1368 emendes

71 1424 134 1488 vel
159 1444 235 1486 cum
258 1420 409 1487 Arthuro
433 1420 599 1486 Ludwich
623 1419 681 1482 τοῦ
706 1415 741 1482 δὲ
762 1410 983 1505 Ἰσοκρατικοῦ
1007 1412 1252 1500 cataractone

73 1529 334 1621 ἀνταγωνιστής)
372 1538 424 1602 vel
459 1535 517 1598 τοῦ
541 1533 811 1621 Πολυκρατικοῦ
835 1528 1105 1618 διδασκαλῃίου).
1157 1536 1251 1621 equi·

74 1655 158 1719 dem
182 1655 237 1719 vel
253 1653 480 1739 Porphyrium
501 1653 714 1738 vellentem,
740 1675 806 1739 quo
821 1653 990 1735 utebatur,
1015 1674 1143 1717 errasse
1159 1659 1251 1738 pute.

74 1770 140 1835 sed
165 1769 311 1835 concedo
335 1770 478 1834 fortasse
501 1763 828 1853 Sengebuschium³)
851 1775 944 1834 recte
967 1790 1007 1833 eo
1030 1768 1120 1834 hunc
1143 1769 1253 1834 locum

76 1887 204 1951 ceteris
232 1908 309 1951 eum
332 1885 538 1950 testimoniis
562 1884 770 1968 conciliasse,
794 1892 833 1951 ut
856 1884 989 1950 Zoilum
1012 1885 1078 1950 alio
1102 1892 1254 1970 tempore

75 2003 306 2088 Polycratem,
330 1995 396 2066 alio
419 2001 602 2066 Isocratem
626 2007 792 2067 sectatum
816 2023 889 2066 esse
914 2008 1080 2085 censeret3
1111 2024 1150 2066 eo
1173 2024 1254 2067 vero

76 2125 234 2203 tempore
279 2139 343 2202 quo
380 2116 597 2202 Polycratem
640 2123 828 2183 sectaretur
870 2117 1032 2184 adversus
1070 2117 1254 2182 Isocratem

76 2234 214 2298 Zoilum
245 2228 465 2318 scripsisse.⁴)
511 2239 602 2298 certo
631 2233 771 2299 arbitrio
800 2233 1029 2299 abstineamus
1058 2233 1147 2298 siout
1169 2233 1253 2299 Use-

77 2371 202 2415 nerus:
216 2344 241 2430 ὖ)
266 2371 362 2435 ‚quae
385 2371 485 2414 voces
510 2347 792 2435 (Porphyrianae)
815 2349 884 2414 nisi
908 2372 983 2415 cum
1008 2355 1100 2414 certa
1123 2349 1255 2414 ratione

80 2465 263 2530 emendata
296 2465 435 2549 fuerint,
471 2465 565 2530 nullo
600 2466 700 2530 modo
734 2488 775 2530 ex
807 2465 860 2530 his
884 2465 1117 2550 qualecunque
1141 2465 1256 2550 colligi

79 2576 254 2660 licebit.‘⁶)

190 2685 518 2782 Equidem'Zoilum
554 2720 630 2763 cum
654 2699 836 2783 Polycrate
864 2697 1072 2782 coniungere
1100 2718 1170 2762 non
1194 2695 1256 2761 du-

81 2814 172 2896 bito;
211 2814 275 2878 etsi
303 2836 370 2879 non
400 2814 599 2900 discipulus,
636 2820 726 2879 certe
754 2813 827 2878 eius
857 2813 983 2879 sodalis
1006 2812 1074 2879 fuit
1097 2812 1255 2911 idemque

82 2928 223 2994 dicendi
247 2952 355 3014 genus
379 2936 526 2996 sectatus
551 2936 612 2996 est.
669 2930 783 3015 itaque
813 2952 890 2994 eum
913 2929 1055 2995 Isocrati
1079 2929 1255 2994 inimicum

82 3044 190 3109 fuisse
214 3052 249 3109 et
271 3045 517 3111 Isocrateorum
546 3046 746 3132 disciplinae
769 3045 955 3112 verisimile
980 3053 1041 3111 est.
1088 3068 1170 3110 num
1193 3046 1273 3125 lib-¹

83 3183 161 3225 rum
186 3167 303 3226 contra
326 3161 510 3228 Isocratem
539 3161 773 3249 composuerit,
810 3183 872 3248 pro
902 3168 993 3228 certo
1017 3161 1165 3228 vendere
1189 3183 1257 3226 non

84 3276 203 3342 anslec.

194 3393 280 3458 Tota
303 3393 365 3459 hac
389 3393 619 3479 disputatione
643 3394 774 3459 elucere
797 3394 944 3479 videtur,
973 3395 1106 3460 Zoilum
1129 3393 1257 3460 vixisse

84 3509 247 3574 Athenis:
295 3508 344 3574 ibi
382 3510 515 3574 audivit
552 3512 785 3596 Polycratem,
831 3509 880 3577 ibi
918 3510 991 3596 ipse
1030 3510 1257 3596 eloquentiam

197 3738 222 3806 1)
242 3738 314 3793 falso
333 3738 447 3794 Zoilum
466 3758 484 3794 a
503 3738 628 3811 Sauppio
647 3738 677 3793 in
697 3738 779 3811 epist.
800 3739 862 3794 erit
882 3758 908 3809 p.
930 3740 981 3794 153
1010 3738 1148 3794 Isocratis
1173 3738 1256 3794 disci·

85 3828 189 3900 pulum
215 3827 359 3882 nominari
386 3828 445 3884 iam
473 3829 621 3884 Usenerus
650 3828 707 3900 (qu.
737 3829 870 3884 Ananim.
899 3848 926 3899 p.
957 3829 997 3897 10,
1020 3827 1047 3898 1)
1075 3827 1195 3885 censuit.
1226 3858 1257 3867 -

86 3918 114 3984 2)
134 3915 170 3971 cf.
190 3916 323 3989 Spindler
340 3936 367 3988 p.
388 3919 429 3972 13.
449 3948 482 3956 —
502 3917 530 3986 3)
549 3919 636 3973 Hom.
655 3917 752 3974 diss.1
770 3938 797 3989 p.
811 3918 872 3972 103.
894 3947 924 3956 -
944 3918 973 3982 4)
993 3917 1061 3989 quid
1080 3918 1156 3988 quod
1174 3917 1258 3972 Nico·

86 4005 164 4062 laius
191 4004 252 4077 (Gr.
279 4005 351 4061 Litt.
380 4006 482 4061 Gesch.
505 4007 535 4061 ΙΙ
558 4008 619 4074 110)
646 4007 794 4062 contendit
821 4006 936 4061 Zoilum
963 4007 1140 4062 Isocrateum
1168 4005 1260 4062 fuisse

87 4114 141 4150 neo
160 4095 300 4166 magistro
320 4095 435 4167 quidem
453 4113 505 4151 suo
525 4096 692 4167 pepercisse.
714 4127 745 4135 -
766 4096 793 4166 ὃ)
812 4103 924 4168 quaest.
943 4096 1077 4152 Anaxim.
1096 4114 1124 4167 p.
1134 4096 1174 4165 10,
1185 4097 1210 4150 1.

200 4183 229 4254 6)
248 4184 383 4257 Spindler
410 4185 448 4257 (p.
470 4188 501 4239 11
522 4184 576 4257 sq.)
605 4185 803 4241 demonstrare
831 4192 962 4255 conatur,
981 4191 1098 4258 propter
1128 4191 1259 4256 tempora

88 4274 152 4330 fieri
179 4292 238 4329 non
266 4275 403 4344 potuisse,
430 4281 463 4329 ut
481 4274 580 4330 Zoilus
600 4275 735 4330 Isocratis
754 4275 913 4346 discipulus
942 4281 1024 4332 esset.
1055 4275 1106 4330 sed
1133 4275 1260 4330 rationes

89 4363 176 4419 nimis
204 4363 330 4420 incertae
358 4371 427 4419 sunt
452 4370 481 4418 et
499 4365 637 4421 Isocratis
656 4365 755 4420 schola
773 4365 846 4420 chia
864 4364 936 4420 satis
956 4364 1050 4433 dubia,
1079 4382 1136 4436 qua
1156 4363 1261 4418 nititur

90 4452 224 4526 Spindler
241 4453 467 4525 argumentatio:
488 4453 523 4510 cf.
543 4455 634 4510 Blass.
655 4454 853 4514 Aa.Be1-eds.
874 4453 904 4509 II
925 4457 966 4524 17,
981 4457 1007 4509 2.
