3160 5118
810 396 1030 461 ..16-

900 577 939 639 19

439 707 583 772 Suidus
608 731 632 772 s,
657 731 689 773 v.
715 704 851 786 Ζωΐλος,
876 710 894 774 Ι
918 711 982 774 735
1006 711 1143 795 Beruh.‚
1166 712 1188 775 l.
1206 712 1228 776 l.
1254 735 1286 797 p.
1302 713 1345 775 82
1370 711 1524 776 sucu:

439 813 819 910 ΖιυΐλοςἏμφιπολίτης
835 817 949 905 (πόλις
961 820 1062 887 δ’ἐστὶ
1073 815 1523 911 ΜακεδονίαςἈμφίπολις,

333 927 405 1022 ἥτις
421 930 582 1023 πρότερον
598 934 746 1002 ἐκαλεῖτο
761 930 868 1002 Ἐννέα
887 931 981 1021 ὁδοί),
1005 929 1040 1016 ὃς
1056 933 1229 1026 ἐπεκλήθη
1246 931 1523 1026 (Ομηρομόστιξ,

333 1043 384 1114 ὅτι
409 1049 624 1117 ἐπέσκωπτεν
640 1045 787 1142 Ὅμηρον
804 1079 811 1091 ·
829 1051 882 1120 διὸ
907 1049 1006 1120 αὐτόν
1029 1049 1202 1132 διώξαντες
1226 1049 1257 1119 oi
1281 1052 1314 1118 ἐν
1329 1047 1369 1142 τῇ
1383 1047 1524 1138 Ὀλυμ-

333 1163 430 1254 πίᾳῙ)
459 1164 544 1232 κατὰ
571 1171 637 1232 τῶν
665 1167 872 1257 Σκιριυνίόιυν
904 1175 1034 1258 πετρῶν
1069 1167 1218 1258 ἔρριψαν.
1277 1164 1383 1260 ῥήτωρ
1408 1170 1448 1236 δὲ
1479 1158 1525 1260 ἦν

333 1281 389 1348 καὶ
418 1278 615 1372 φιλόσοφος.
668 1281 792 1372 ἔγραψε
819 1285 931 1370 μέντοι
960 1283 1032 1352 τινὰ
1061 1285 1118 1351 καὶ
1147 1283 1387 1374 γρατμματικοὶ,
1422 1283 1524 1352 κατὰ

334 1403 393 1488 τῆς
413 1393 557 1489 Ὁμήρου
582 1397 750 1491 ποιήσεως
772 1398 885 1488 λόγους
908 1398 955 1483 θ’,
985 1399 1132 1489 ἱστορίαν
1155 1396 1225 1468 ἀπό
1250 1401 1424 1488 θεογονίας
1450 1402 1524 1481 ἕως

333 1519 391 1604 τῆς
433 1513 612 1582 Φιλίππου
646 1519 796 1607 τελευτῆς
830 1515 946 1603 βιβλία
981 1514 1020 1604 γ’,
1063 1516 1141 1605 περὶ
1173 1511 1411 1606 Ἀμφιπόλεως
1452 1518 1521 1584 καὶ

334 1627 418 1696 κατὰ
440 1625 642 1719 Ἰσοκράτους
664 1638 724 1699 τοῦ
746 1630 915 1724 ῥήτοροςῖ)
951 1633 1018 1724 [καὶ
1043 1628 1134 1724 ἄλλοι
1151 1635 1294 1701 πλεῖστα
1317 1633 1351 1699 ἐν
1375 1625 1424 1712 οἷς
1451 1634 1520 1700 καὶ

337 1743 440 1834 ψόγος
461 1741 628 1837 Ὄμήρου].

882 1930 958 2015 20³)

441 2066 496 2130 Ps.
518 2067 692 2132 Zonaras
709 2068 889 2149 (Antonios
901 2061 1116 2148 Monachos4)
1128 2091 1160 2154 p.
1176 2069 1241 2134 963
1255 2067 1306 2132 ed.
1320 2067 1344 2134 J
1345 2068 1412 2133 ΑΗ
1420 2068 1520 2134 Titu-

334 2204 453 2246 manu:
492 2176 635 2256 Ζιυΐλος·
669 2165 764 2258 οὗτος
796 2173 1045 2270 Ἀμφιπολίτης
1073 2178 1154 2246 ἐστί.
1208 2174 1309 2258 πόλις
1333 2178 1369 2244 δὲ
1391 2185 1519 2246 Μακε-

334 2289 445 2371 δονίας
470 2287 688 2383 Ἀμφίπολις.
737 2282 832 2374 οὗτος
856 2291 874 2362 ὁ
897 2295 1026 2375 Ζωΐλος
1053 2292 1227 2386 ἐπεκλήθη
1251 2289 1518 2385 Ὃμηρομόστιξ,

335 2403 386 2475 ὅτι
406 2405 603 2478 ἐπέσκωπτε
625 2407 683 2478 τόν
700 2405 856 2501 (Όμηρον,

903 2625 943 2688 21

440 2757 612 2821 Joannis
637 2757 809 2821 Tuetuae
837 2780 932 2842 exeg.
963 2759 998 2822 in
1022 2759 1122 2822 Hom.
1147 2759 1245 2823 Iliad.
1274 2781 1308 2844 p.
1339 2759 1369 2841 3,
1395 2761 1511 2823 6-16

335 2871 385 2936 ed.
410 2873 451 2936 G.
477 2873 608 2937 Herm:
632 2866 761 2934 Πολλοὶ
783 2868 843 2951 μὲν
857 2873 922 2933 τῶν
943 2863 1086 2957 ἀρχαίων
1107 2865 1167 2959 τὴν
1185 2863 1367 2959 Ὁμηρικὴν
1392 2868 1510 2935 ἐπικε-

440 3173 469 3242 1)
486 3167 621 3246 Ὀλυμπίᾳ
641 3173 719 3230 libri:
740 3175 865 3230 fortasse
883 3167 1001 3246 Ἰσθμοῖ.
1021 3174 1114 3230 Blass.
1133 3177 1151 3230 l.
1172 3194 1194 3230 ο.
1214 3194 1241 3244 p.
1261 3174 1322 3229 345.

440 3261 468 3332 2)
488 3263 698 3318 Bernhardius·
718 3263 766 3319 hic
796 3265 908 3334 glossae
938 3264 1151 3319 conclusionem
1184 3282 1248 3319 esse
1282 3262 1401 3332 censuit,
1436 3262 1504 3334 quin

333 3353 484 3422 sequentia
503 3352 643 3407 fabricam
665 3353 791 3408 hominis
810 3352 960 3409 semidocti
983 3353 1106 3424 sapiant.
1152 3354 1300 3408 Bekkerus
1321 3352 1397 3407 idem
1425 3351 1501 3420 fecit,

334 3441 492 3498 assentitus
521 3449 566 3497 est
594 3442 737 3514 Sauppius
765 3441 856 3513 (Orat.
876 3443 937 3498 Att.
956 3462 983 3514 p.
1003 3442 1074 3506 249).
1113 3442 1201 3497 verba
1228 3445 1275 3494 καὶ
1300 3431 1368 3494 ἄλλα
1387 3443 1501 3493 πλεῖστα

334 3532 363 3582 ἐν
377 3527 419 3588 οἷς
434 3531 539 3586 desunt
554 3532 583 3586 in
598 3531 707 3603 optimo
726 3532 831 3586 Suidae
850 3533 946 3588 codice
964 3533 990 3587 V
1008 3532 1150 3602 (Hesyoh.
1169 3519 1268 3588 Fiaoh'.
1288 3550 1316 3602 p.
1331 3531 1385 3601 82).
1406 3537 1500 3586 tamen

333 3620 453 3676 Flachio
481 3621 588 3675 mirum
616 3621 646 3675 in
674 3622 793 3676 modum
821 3639 878 3674 non
902 3620 1076 3676 Bernhardii
1104 3620 1250 3676 sententia
1276 3621 1424 3691 probatur,
1451 3621 1500 3674 sed

334 3710 476 3780 expungit
494 3709 535 3765 nil
555 3711 613 3765 nisi
632 3713 661 3764 ἐν
680 3707 722 3769 οἷς
740 3715 787 3762 καὶ
807 3703 895 3779 ψόγος
914 3703 1043 3781 Ὁμήρου.
1078 3716 1144 3763 utut
1162 3709 1191 3763 id
1217 3716 1269 3775 est,
1298 3715 1408 3765 certum
1431 3709 1499 3766 mihi

334 3797 459 3868 videtur,
480 3795 571 3869 ψόγον
589 3800 671 3855 illum
692 3799 763 3855 adeo
782 3808 865 3854 extra
879 3799 1009 3854 ordinem
1027 3800 1147 3869 locoque
1166 3807 1227 3854 tum
1241 3800 1317 3854 male
1331 3805 1400 3870 apto
1413 3799 1498 3854 nomi-

333 3886 406 3954 nari,
436 3894 469 3942 ut
496 3888 559 3944 fieri
587 3908 646 3944 non
674 3888 775 3960 possit,
802 3887 871 3960 quin
905 3888 1049 3958 glossema
1081 3893 1208 3959 putetur,
1239 3887 1409 3959 praesertim
1437 3906 1498 3942 cum

334 3977 493 4047 Dionysius
511 3971 559 4037 τὰς
577 3981 641 4030 καθ’
661 3971 780 4050 Ὀμήρου
799 3971 937 4038 συντάξεις
955 3979 1031 4032 solas
1050 3976 1161 4034 afferat.

441 4067 469 4137 3)
489 4085 561 4138 quae
579 4067 609 4121 in
628 4066 820 4134 sedeciae,
853 4084 926 4137 quae
945 4066 1058 4134 dicitur,
1089 4066 1209 4122 violario
1239 4057 1310 4136 (4293
1330 4085 1356 4138 p.
1376 4064 1497 4135 321F1.)

335 4157 370 4210 de
383 4155 465 4212 Zoilo
477 4158 641 4226 traduntur,
661 4156 753 4226 omisi,
767 4156 834 4227 quia
847 4155 959 4213 falsarii
970 4154 1169 4210 testimouium
1183 4154 1357 4211 testimoniis
1371 4155 1499 4227 genuinis

334 4244 461 4301 inserere
489 4245 568 4301 nolui
605 4245 651 4315 (cf.
681 4245 839 4301 Nietzschii
868 4251 897 4301 et
924 4243 1039 4300 Pulchii
1067 4244 1265 4315 probationes,
1302 4263 1374 4318 quos
1407 4244 1499 4310 Christ

335 4334 436 4390 Gesch.
456 4335 482 4390 d.
503 4336 581 4406 grch.
601 4333 687 4390 Litt.2
704 4355 730 4406 p.
751 4335 941 4405 tollendas).

441 4425 747 4498 4)cf.Krumbaohe1·
768 4428 835 4504 Byz.
856 4424 927 4486 Lis.
948 4424 1051 4486 Geseh.
1071 4443 1098 4502 p.
1121 4424 1178 4484 145.
