3160 5118
541 405 761 486 ..53..

71 596 126 664 καί
144 590 359 685 Ἡράκλειτος
386 596 529 685 ἐπιτιμᾷ
557 599 605 682 τῷ
635 591 831 686 ποιήσαντι·
861 587 904 673 ὡς
934 589 1001 680 ἔρις
1028 589 1064 659 {t
1092 617 1127 658 τε
1150 595 1240 659 θεῶν

72 714 125 780 καί
148 709 338 804 ἀνθρώπιον
360 707 540 779 ἀπόλοιτο·
576 706 613 779 οὗ
639 709 699 800 γὰρ
723 704 763 777 ib
787 704 871 777 εἶναι
895 705 1054 799 ἁρμονίαν
1075 707 1121 800 μὴ
1148 701 1264 787 ἷίντος·

73 824 159 910 ὀξέος
180 829 239 897 καί
261 829 401 919 βαρέος,Ι
414 823 489 896 οὐδὲ
512 825 554 894 cd
579 828 647 914 ζῷα
671 821 746 894 daec
767 824 890 918 θήλεος
912 826 969 892 καί
986 820 1124 915 ίίρεννος,
1150 825 1241 891 ε’ναν-
1341 859 1343 862 ·

73 943 149 1011 τίειν
183 939 293 1012 ὄντων.
352 972 427 1015 cum
464 951 614 1014 Homero
649 949 840 1014 consentire
878 947 1015 1014 videtur
1047 947 1242 1013 Heraclitus

74 1068 172 1133 schol.
195 1067 261 1132 Ar
290 1066 333 1131 ad
362 1068 391 1127 Σ
411 1067 474 1131 251
511 1064 615 1151 (quod
636 1039 826 1131 ⁸Heraclidi
858 1065 992 1130 Milesio
1026 1064 1132 1130 tribui
1167 1065 1242 1128 vult

73 1184 231 1269 Bywater
253 1184 318 1269 frg.
344 1182 488 1262 ΟΧΙΧ),
517 1183 545 1247 Τ
570 1182 612 1246 ad
638 1180 669 1242 Ω
683 1181 737 1266 54,
766 1182 796 1246 B
821 1180 864 1246 ad
887 1181 960 1246 Aa.
1006 1180 1048 1247 ab
1073 1181 1148 1245 aliis
1172 1180 1242 1245 Hc-

75 1299 157 1364 meri
190 1297 382 1386 explicandi
416 1300 528 1384 gratia
563 1297 704 1364 affertur
738 1297 775 1362 in
803 1297 906 1364 schol.
942 1298 972 1362 B
1002 1297 1046 1362 ad
1074 1293 1107 1363 Ξ
1114 1298 1180 1363 200
1209 1304 1244 1362 et

76 1417 104 1474 Σ
116 1417 188 1481 468.

179 1531 321 1618 Saepius
350 1532 525 1597 Heraclito
556 1532 710 1597 convicia
737 1532 903 1614 Platonis,
942 1532 1068 1618 quippe
1097 1531 1156 1617 qui
1180 1530 1244 1596 etsi

77 1669 143 1712 non
175 1648 304 1734 primus
337 1654 453 1712 tamen
487 1648 647 1734 princeps
683 1670 860 1713 censorum
894 1649 1153 1715 Homericorum
1188 1648 1244 1730 sit,

77 1764 112 1828 in
136 1763 271 1829 scholiis
294 1764 412 1830 iliadis
428 1771 669 1850 propagantur.
717 1787 802 1850 quae
827 1788 868 1829 ex
888 1765 985 1830 libris
1002 1764 1247 1850 depromuntur

78 1880 154 1964 illis,
186 1879 308 1966 quibus
342 1903 414 1945 rem
448 1881 618 1968 publicam
653 1901 770 1946 veram
798 1881 1028 1968 optimamque
1051 1887 1246 1947 construere

80 2003 213 2062 conatus
249 2003 309 2062 est.
368 1997 443 2082 quis
479 2003 531 2062 est
559 1997 617 2082 qui
640 1997 786 2080 ignoret,
815 1997 1000 2062 aPlatone
1023 2004 1159 2082 poetam
1182 2018 1244 2083 pro

81 2135 205 2178 summo
239 2113 389 2178 omnium
424 2114 528 2198 vulgo
563 2111 717 2178 habitum
746 2112 809 2178 hac
838 2113 1075 2199 erepublica
1099 2114 1247 2178 eiectum

82 2229 176 2294 esse?
220 2236 427 2316 quantopere
454 2230 553 2295 Plato
580 2235 662 2293 tunc
691 2229 756 2294 arti
784 2229 936 2314 poeticae
961 2236 995 2294 et
1018 2230 1147 2296 artibus
1170 2230 1247 2294 reli·

83 2345 155 2428 quis
179 2344 429 2428 obtrectaverit,
465 2367 531 2430 quo
559 2345 665 2409 multo
693 2345 800 2431 pluris
823 2345 1072 2432 philosophiam
1095 2352 1130 2411 et
1153 2347 1249 2432 quasi

82 2454 232 2546 μεγίστην
254 2453 414 2546 μουσικήν
423 2457 447 2543 ¹)
482 2483 555 2526 esse
584 2462 840 2546 demonstraret,
875 2461 957 2526 satis
980 2469 1100 2528 notum
1123 2457 1249 2550 put0.2)

82 2578 306 2663 respiciuntur
339 2601 381 2643 ex
403 2578 544 2644 Homeri
573 2578 803 2664 sycophantae
811 2573 835 2658 ⁸)
870 2577 966 2643 libris
990 2577 1032 2643 de
1055 2602 1092 2643 re
1115 2580 1250 2666 publiea

84 2694 216 2781 scriptis
239 2717 258 2759 a
282 2694 472 2760 scholiastis
495 2694 532 2760 hi
555 2695 635 2760 loci:

187 2809 261 2876 libr.
286 2811 322 2876 ΙΙ
345 2835 374 2896 p.
396 2811 471 2892 379,
495 2811 555 2877 ubi
578 2812 676 2876 Plato
700 2812 934 2877 condemnatis
957 2818 1132 2897 poetarum
1155 2811 1251 2876 fabu-

85 2923 124 2990 lis
147 2926 220 3012 ipse
243 2929 384 3012 quaerit,
410 2919 441 2988 οί
466 2918 566 2988 τύποι
592 2922 671 3010 περὶ
694 2920 872 3009 θεολογίας
886 2920 971 3001 τίνες
987 2916 1027 2990 dv
1042 2916 1118 2994 εἶενε
1144 2926 1252 2993 Ω527

86 3036 170 3103 δοιοί
193 3033 252 3128 γάρ
276 3063 311 3105 τε
335 3037 439 3104 πίθοι
467 3043 571 3125 (dolia
593 3042 661 3126 illa,
687 3066 705 3107 e
729 3044 851 3128 quibus
873 3044 1036 3130 Juppiter
1058 3044 1253 3111 hominibus

85 3159 138 3222 vel
172 3158 260 3224 bona
294 3160 350 3225 vel
384 3159 472 3225 mala
506 3155 665 3244 tribuat)]
692 3210 699 3223 .
725 3211 732 3225 .
759 3210 765 3224 .
801 3154 967 3244 μέμφεται
1003 3154 1039 3220 δὲ
1066 3152 1127 3245 τὴν
1156 3151 1254 3233 δόξαν

87 3265 225 3336 Πλάτων
253 3270 287 3335 ἒν
308 3277 339 3356 β’
363 3268 543 3348 Πολιτείας
571 3270 681 3356 λέγων,
712 3265 757 3348 ὡς
785 3264 803 3336 ὃ
831 3267 912 3350 θεὸς
936 3265 1074 3357 ἀγαθόν,
1095 3265 1194 3348 οὐδὲν
1218 3270 1254 3336 δὲ

88 3376 213 3468 ἀγαθὸν
228 3383 401 3475 βλαβερόν·
427 3377 446 3452 ii
462 3383 559 3476 δὲμὴ
575 3382 744 3476 βλαβερόν,
763 3381 837 3453 οὐδὲ
852 3384 1008 3470 βλάπτει.
1039 3384 1183 3453 ἔπλασεν
1199 3375 1255 3453 οὖν

90 3506 187 3568 ταῦτα
204 3497 221 3569 ὁ
238 3497 324 3593 ἥρως
340 3500 426 3593 πρὸς
442 3501 663 3592 παραμυθίαν
681 3499 836 3592 Πριάμου
853 3505 921 3570 κτλ.
951 3509 1021 3593 ΤΒ,
1041 3508 1254 3574 8011ῐ.Ι276.

89 3663 296 3677 *-——-——-

194 3738 221 3808 1)
240 3738 343 3807 Rebar,
362 3740 469 3795 Platon
488 3740 548 3793 und
567 3739 613 3794 dic
633 3738 742 3793 Possis.
780 3738 869 3793 Mchn
890 3739 967 3806 1864,
988 3758 1013 3810 p.
1035 3738 1070 3792 72
1088 3755 1129 3808 sq.

191 3826 219 3898 2)
240 3829 274 3884 de
301 3829 357 3883 hac
384 3829 517 3885 Platonis
546 3828 692 3884 sententia
720 3833 895 3898 egerunt-
914 3833 948 3883 ut
971 3845 1079 3899 paucos
1097 3826 1256 3883 afferame

90 3917 212 3972 maxima
230 3918 417 3974 multitudine
446 3951 478 3958 —
508 3919 560 3973 Ed.
580 3918 710 3989 Mueller,
739 3917 843 3973 Gesch.
867 3918 919 3972 der
936 3916 1058 3973 Theorie
1082 3916 1133 3972 der
1158 3918 1257 3972 Kunst

90 4001 132 4058 bei
156 4007 209 4063 den
232 4008 320 4063 Alton
339 4008 499 4076 Iao-102,
518 4009 570 4063 247
590 4021 650 4078 sqq.
687 4007 824 4074 EZeller,
853 4006 928 4063 Phil.
949 4007 976 4061 d.
996 4007 1047 4061 Gr.
1065 4007 1097 4061 Π
1111 4004 1139 4061 14
1157 4026 1184 4078 p.
1204 4007 1256 4060 936

93 4092 131 4147 bis
162 4097 222 4152 946.
272 4097 403 4153 JReber
429 4097 448 4154 l.
468 4117 491 4153 c.
541 4098 586 4151 Th
603 4097 711 4164 Heine,
739 4097 775 4151 de
803 4095 915 4150 ratione
944 4113 1017 4166 quae
1046 4095 1162 4150 Platoni
1191 4114 1257 4150 cnm

92 4185 179 4249 poetis
198 4186 246 4241 Gr.
266 4177 428 4252 intercedit,
448 4187 497 4258 qui
516 4193 584 4242 ant-e
603 4205 668 4240 cum
687 4184 856 4254 floruerunt,
876 4185 994 4239 Vratisl.
1017 4186 1092 4252 1880,
1113 4204 1140 4256 p.
1159 4185 1176 4239 3
1196 4203 1256 4256 sqq.

93 4268 170 4329 Ferd.
190 4276 357 4331 Duemmler
386 4277 416 4331 in
442 4275 660 4345 Antisthenicis,
691 4276 768 4346 1882,
796 4294 823 4346 p.
853 4275 959 4329 24-39
990 4273 1036 4346 (cf.
1066 4273 1200 4328 CUrhan
1227 4273 1258 4328 in

94 4375 182 4434 progr.
202 4385 301 4437 gymn.
322 4365 455 4421 Guilelm.
475 4365 683 4435 Regimcntani
701 4385 778 4420 anno
800 4365 869 4419 1882
888 4365 965 4418 edito
984 4383 1010 4436 p.
1030 4365 1067 4418 28
1085 4362 1139 4434 sq).

196 4454 224 4527 3)
244 4456 332 4511 verbo
350 4462 418 4511 utor
436 4456 615 4511 Heracliteo:
635 4457 718 4526 alleg.
739 4475 761 4510 c.
782 4458 808 4510 4.
