3160 5118
567 421 786 504 ...51⁴

88 591 247 704 scriptae,
273 615 315 682 de
338 615 460 703 quibus
485 616 541 682 hic
566 639 667 702 agere
690 619 830 702 longum
855 613 945 698 est.¹)
992 618 1050 703 qui
1074 616 1165 681 inter
1187 609 1263 681 Plo-

88 738 203 798 tinum
226 743 262 798 et
286 733 469 819 Syrianam
493 733 717 819 Proclumque
740 733 866 817 floruit,
891 733 1029 799 Cassius
1047 725 1265 816 Longinus,²)

88 848 269 916 Ammonii
294 848 480 935 discipulus
504 856 539 915 et
554 849 738 936 Porphyrii
761 850 934 935 magister,
959 848 1112 915 libellum
1129 846 1266 933 scripsit

89 957 132 1025 Εἰ
169 957 353 1049 φιλόσοφος
371 954 529 1049 Ὅμηροςε
566 986 632 1050 qno
668 965 759 1030 idem
793 986 871 1029 eum
901 965 1057 1031 docuisse
1079 962 1264 1030 verisimile
1341 941 1343 944 Ι

89 1093 143 1144 est
168 1080 257 1166 qnod
281 1081 468 1166 discipulus
493 1081 575 1157 eius,
600 1080 821 1167 Porphyrius,
846 1103 923 1146 cum
940 1075 1024 1165 Περὶ
1048 1068 1265 1165 τῆςὉμήροα

90 1189 295 1280 φιλοσοφίας
329 1191 484 1282 ageret.³)
531 1196 591 1282 qui
617 1197 704 1261 liber
731 1196 795 1261 etsi
819 1191 960 1283 periit,4)
994 1203 1109 1262 tamen
1133 1194 1264 1261 fabulas

90 1312 290 1378 Homerioas
313 1333 333 1377 a
348 1311 539 1398 Porphyrio
563 1312 599 1376 in
621 1334 718 1377 suum
734 1334 833 1377 usum
850 1312 1034 1398 explicatas
1051 1334 1124 1378 esse
1140 1311 1264 1376 scimus

91 1451 169 1493 cum
198 1423 384 1508 alicundel)
420 1435 493 1494 tum
522 1451 563 1492 ex
586 1428 645 1492 illa
673 1427 910 1514 explanatione
934 1434 1076 1512 servata,
1113 1451 1179 1514 qua
1203 1426 1264 1493 sub

92 1545 208 1629 specie
243 1543 333 1608 antri
367 1543 596 1629 nympharum
630 1544 668 1610 in
695 1544 849 1630 Odyssea
888 1543 917 1625 (ν
947 1539 1168 1626 102-112“))
1208 1543 1265 1609 de-

91 1661 212 1747 scripti
255 1659 419 1726 mundum
453 1660 609 1746 intellegi
643 1659 874 1726 demonstrare
908 1660 1036 1741 studet,
1078 1661 1157 1745 quia
1192 1661 1265 1746 ipse

92 1798 225 1862 quoque
260 1776 302 1841 de
326 1777 473 1843 Homero
502 1770 643 1859 sentit⁷l
678 1764 723 1849 ὡς
746 1770 780 1836 ἐν
801 1766 914 1854 μύθου
937 1767 1113 1854 πλάσματι
1137 1766 1266 1849 εἰκόνας
1364 1757 1366 1762 ’

91 1891 158 1952 τῶν
181 1886 359 1975 θειοτέραν
382 1882 538 1978 ᾐνίττετο.

199 2011 340 2074 Praeter
361 2007 581 2095 philosophos
605 2008 798 2074 Platonicos
821 2008 1027 2075 recentiores
1050 2009 1110 2074 alii
1133 2030 1266 2094 quoque

91 2124 287 2211 philosophi
310 2125 439 2190 lusibus
462 2125 517 2190 his
540 2125 732 2208 allegoricis
749 2146 886 2211 operam
903 2125 1044 2191 dabant:
1069 2126 1266 2192 memineris

92 2242 207 2326 velim,
231 2242 439 2308 Favorinum
463 2243 698 2307 Arelatensem
722 2240 918 2326 sophistam,
948 2241 1124 2307 doctrinae
1147 2242 1265 2308 acade-

93 2358 201 2423 micae
217 2353 424 2439 addictum⁸)
448 2357 624 2444 scripsisse
647 2351 732 2441 Περί
755 2357 815 2442 τῆς
834 2346 980 2442 Ὁμήρου
1004 2352 1208 2442 φιλοσοφίας
1232 2366 1266 2424 et

94 2468 179 2558 Περὶ
217 2465 445 2556 Πλάτιονοςθ)
493 2471 701 2540 Oenomaum
745 2474 978 2557 Gadarenum‚
1025 2473 1265 2561 philosophum

93 2590 263 2676 cynicum,
298 2589 496 2655 disseruisse
531 2584 616 2673 Περὶ
643 2589 702 2675 τῆς
729 2579 808 2650 καθ’
829 2579 976 2675 Ὅμηρον
999 2584 1264 2675 φιλοσοφίας10);

91 2708 279 2772 Maximum
296 2706 448 2792 Tyrium,
474 2705 661 2793 sophistam
684 2706 921 2792 philosophiae
937 2707 1135 2772 Platonicae
1150 2729 1264 2772 aman·

90 2829 171 2907 tem,
196 2823 401 2888 declamasse
426 2828 460 2887 et
485 2815 525 2884 Εί
542 2813 612 2883 ἔστι
628 2811 706 2883 καθ’
721 2811 868 2907 ’Όμηρον
883 2819 1009 2906 αἵρεσις
1032 2822 1125 2906 (diss.
1142 2823 1262 2906 XXII,

91 2941 143 3005 ed.
173 2938 292 3008 Reisk.
320 2939 387 3004 vol.
412 2938 448 3004 H
474 2934 676 3024 115sqq)11)
712 2944 746 3003 et
785 2932 878 3012 Τίνες
906 2931 1043 3018 ι’ίμεινον
1070 2933 1149 3023 περὶ
1176 2938 1266 3000 θεῶν

91 3043 253 3131 διέλαβον,
278 3048 419 3138 ποιηταὶ
443 3042 465 3139 ἢ
488 3046 669 3138 φιλόσοφοι
706 3054 798 3134 (diss.
824 3056 873 3136 X)
909 3062 944 3120 et
967 3047 1007 3116 Ei
1035 3051 1144 3130 καλῶς
1168 3047 1263 3116 Πλοί-

90 3185 156 3226 stov
174 3156 321 3254 Ὅμηρον
343 3169 401 3255 τῆς
425 3163 600 3244 πολιτείοις
623 3162 840 3256 παρῃτήσατο
866 3171 958 3250 (diss.
982 3172 1121 3255 XXIII,
1156 3173 1221 3238 vol.
1246 3173 1264 3236 I

89 3282 157 3347 437
170 3305 242 3370 sqq.
265 3283 331 3367 R.).
379 3308 464 3371 quae
488 3293 642 3352 accurate
665 3293 873 3373 pertractare
896 3307 965 3352 nen
989 3287 1090 3353 huius
1113 3288 1179 3353 loci
1200 3293 1262 3354 est.

199 3479 225 3547 1)
244 3479 384 3534 nonnulla
402 3480 438 3535 de
461 3479 549 3536 huius
576 3480 815 3552 interpretatione
834 3480 989 3536 Homerica
1007 3486 1224 3550 cognoscuntur
1245 3499 1261 3536 e

90 3568 190 3624 Pitrae
210 3569 335 3624 editione
355 3568 462 3640 (Spicil.
482 3569 618 3625 Soloesm.
639 3576 707 3624 tom.
728 3571 762 3639 V,
781 3571 862 3638 1888)
881 3570 956 3624 anal.
976 3570 1056 3626 class.
1076 3589 1103 3642 p.
1123 3570 1181 3624 XX
1195 3589 1256 3642 sqq.

89 3659 143 3712 198
155 3676 215 3730 sqq.
244 3659 280 3713 cf.
300 3658 429 3713 EZeller
447 3658 465 3714 l.
486 3677 508 3714 c.
527 3659 581 3714 803
599 3677 669 3731 sqq,
688 3659 740 3714 821
760 3677 821 3731 sqq.
843 3689 874 3698 -
895 3661 923 3729 2)
942 3659 1071 3730 Hesych.
1091 3659 1151 3716 Mil.
1163 3678 1189 3730 p.
1203 3660 1261 3714 129.

91 3777 122 3786 -
144 3748 173 3814 8)
190 3748 317 3818 Hesych.
337 3747 398 3802 Mil
417 3765 444 3818 p.
464 3749 524 3803 177.
544 3779 578 3787 -
597 3749 626 3817 4)
643 3767 712 3804 uam
732 3748 824 3804 vitam
842 3749 963 3803 Homeri
981 3747 1012 3803 in
1026 3749 1179 3803 Plutarchi
1198 3766 1262 3820 ope·

89 3836 169 3892 ribus
189 3836 256 3908 (vol.
271 3837 361 3892 V100
373 3854 434 3908 sqq.
450 3838 493 3893 ed.
512 3837 659 3908 Duebner)
682 3844 871 3910 propagatam
891 3838 967 3893 falso
987 3856 1005 3892 a
1023 3839 1171 3894 nonnullis
1190 3839 1260 3894 Por·

89 3925 193 3997 phyrio
219 3925 360 3980 tributam
379 3943 449 3996 esse,
477 3931 624 3997 postremo
643 3927 829 3982 Hermannus
848 3926 928 3981 Diels
956 3927 1094 3998 (Doxogr.
1113 3947 1141 3999 p.
1160 3929 1195 3981 88
1208 3927 1261 3999 sq.)

89 4015 309 4072 demonstravit.
325 4045 355 4054 -
370 4014 398 4084 6)
411 4017 539 4071 EZaller
550 4017 596 4070 11,
607 4016 668 4084 673,
680 4018 702 4070 1.
717 4046 750 4055 -
766 4015 793 4084 6)
809 4015 909 4070 Christ
921 4015 1036 4082 (Gesch.
1051 4018 1076 4071 d.
1088 4018 1167 4087 grah.
1178 4015 1263 4072 Lina

89 4123 114 4175 p.
126 4102 191 4174 692)
201 4104 277 4159 falso
288 4122 299 4157 ε
309 4105 457 4174 102-112,
467 4106 492 4160 Ε
502 4105 595 4160 Zeller
615 4104 701 4176 (Phil.
716 4104 742 4160 d.
757 4103 806 4159 Gr.
827 4102 911 4158 1Π23
929 4123 955 4175 p.
966 4107 1028 4176 673,
1041 4105 1069 4177 1)
1089 4106 1164 4161 falso
1184 4105 1261 4161 XIII

89 4194 142 4248 346
152 4209 213 4266 sqq.
234 4225 265 4233 -
286 4195 314 4264 7)
333 4194 369 4248 de
383 4199 467 4249 antro
487 4196 607 4266 nymph.
626 4201 700 4249 extr.
719 4223 752 4232 —
771 4194 800 4261 8)
819 4193 947 4249 EZeller
966 4196 985 4248 l.
1004 4214 1028 4250 c.
1046 4214 1073 4266 p.
1093 4197 1128 4249 64
1146 4213 1207 4265 sqq.
1229 4224 1260 4234 -

90 4282 116 4353 9)
133 4282 260 4354 Hesych.
275 4283 337 4339 Mil.
351 4303 378 4356 p.
389 4285 450 4338 221.
465 4313 499 4323 —-
516 4282 560 4355 10)
575 4283 701 4353 Hesych.
718 4282 777 4337 Mil.
793 4300 820 4353 p.
832 4282 891 4337 151.
908 4311 939 4322 -
958 4284 1002 4353 11)
1018 4301 1104 4353 quam
1115 4284 1203 4338 Suida
1219 4284 1262 4338 in-

90 4373 226 4444 tellegere
244 4372 369 4444 videtur,
388 4391 453 4427 cum
473 4374 570 4429 laudet
591 4376 661 4444 Περὶ
681 4365 801 4443 Ὀμήρου
820 4375 867 4423 καὶ
885 4377 925 4430 τίς
944 4365 959 4438 ι)
979 4374 1044 4442 παρ’
1065 4365 1138 4440 αὐτῷ
1158 4366 1260 4443 ἀρχαία

91 4465 256 4535 φιλοσοφία.
