3160 5118
786 433 1006 498 ..γη-

309 609 374 670 τῶν
396 604 516 670 τέκνων
539 600 777 693 προιστιίμενοι
801 610 924 695 σφήκες
948 605 1003 672 καὶ
1027 611 1092 672 τῶν
1114 605 1255 690 μελίτων
1279 604 1311 673 αἱ
1329 605 1482 692 μελίτται

309 727 524 811 (quibuscum
559 726 627 791 viri
654 727 705 791 illi
742 723 993 814 comparantur)
1021 719 1158 801 πλείοις
1190 720 1288 816 εἰσίν·
1325 711 1417 791 οὗτοι
1445 725 1484 790 δὲ

309 836 366 904 καὶ
402 832 460 902 δύο
493 829 582 915 daeg
615 835 784 926 κρείττονα
820 833 1092 927 διαπράττονται.
1142 845 1183 927 Β,
1213 844 1350 910 brevius
1374 847 1413 911 Τ.
1439 882 1483 891 --

310 957 353 1024 ad
377 961 412 1018 N
424 959 440 1022 1
470 949 551 1031 Ζεύς
578 947 606 1017 δ’
644 952 720 1019 ἐπεὶ
748 940 803 1019 οὗν
842 950 957 1041 Τρῶοίς
983 979 1019 1020 τε
1045 953 1102 1020 καὶ
1124 948 1264 1044 Ἕκτορα
1292 955 1385 1046 νηυσὶ
1418 956 1483 1022 πέ-

310 1070 442 1137 λαοσενε
465 1123 472 1139 .
498 1125 505 1139 .
532 1124 538 1139 .
569 1073 774 1156 περιπαθῶς
802 1069 838 1135 δέ
866 1062 949 1156 dyas
975 1066 1014 1136 τὸ
1039 1070 1162 1160 ,νηνσίζ
1188 1063 1259 1137 οἷον
1281 1065 1319 1160 οὗ
1343 1077 1391 1158 τῷ
1413 1071 1484 1138 τεί-

309 1210 358 1266 χει
403 1179 503 1267 μόνον
549 1178 633 1250 ἆλλολ
678 1185 734 1251 καὶ
781 1190 855 1265 ταῖς
898 1184 1024 1269 ναυσίν,
1072 1180 1158 1276 ήπερ
1201 1184 1251 1253 έτι
1291 1184 1375 1277 μόνη
1416 1193 1485 1253 τῶν

307 1294 468 1390 Ἑλλήνων
491 1298 597 1379 έλπίς.
643 1306 718 1372 ΤΒ.
744 1343 784 1354 —
810 1303 842 1374 Ξ
853 1309 893 1372 15
917 1301 1072 1392 ἐρέριπτο
1096 1302 1132 1369 δέ
1154 1307 1270 1392 τεῖχος]
1294 1359 1300 1371 .
1326 1360 1333 1374 .
1359 1360 1367 1373 .
1392 1297 1485 1382 αίίξει

310 1419 368 1486 (sc.
394 1421 574 1499 Homerus)
610 1416 646 1482 δὲ
679 1414 739 1507 τήν
772 1415 946 1508 συμφορὰν
973 1424 1208 1503 (Achivorum)
1241 1414 1286 1498 ὡς
1309 1418 1483 1508 φιλέλλην.

311 1525 494 1628 ήέπαλξις
528 1535 585 1617 (sc.
610 1528 706 1623 μόνη)
740 1530 801 1621 γὰρ
825 1520 864 1624 ήν
886 1535 1082 1621 πεσοῦσαι)
1105 1540 1144 1623 Τ,
1180 1540 1339 1606 similiter
1362 1541 1402 1607 B.
1439 1579 1484 1586 -
1573 1555 1574 1560 ’

312 1653 416 1746 P446
444 1652 500 1732 (ad
523 1653 622 1720 Jovis
645 1653 744 1720 illud:
778 1644 816 1716 od
844 1649 904 1733 μέν
926 1646 987 1738 γάρ
1010 1647 1044 1715 τί
1066 1646 1136 1717 ποτ’
1159 1650 1248 1717 ἐστιν
1271 1644 1485 1739 ὀιζυρώτερον

311 1757 427 1851 ἷίνδρος
450 1770 590 1830 Παντων
620 1817 627 1830 .
654 1817 662 1830 .
687 1768 709 1849 .)
743 1759 920 1855 ὑπερβολή.
979 1771 1084 1836 altera
1119 1794 1237 1837 manus
1271 1772 1344 1839 cod.
1369 1774 1409 1856 T,
1432 1773 1486 1838 VI

311 1909 343 1971 p.
368 1885 536 1968 547‚3M.
571 1921 615 1931 -
650 1887 755 1950 2230
789 1877 885 1966 (ἔνθα
920 1881 956 1947 δέ
990 1881 1047 1948 καὶ
1080 1879 1147 1948 τότ’
1184 1876 1298 1949 ίίλοντο
1335 1879 1485 1950 ὄοῶόεκα

311 1999 418 2085 φῶτες
441 1988 571 2085 έίριοτοι
594 1997 677 2082 κτλ.)
715 1991 888 2063 ἀπίθανόν
910 2021 994 2087 φασι
1017 1997 1074 2065 καὶ
1098 1992 1237 2087 ι’ίμετρον
1252 1996 1290 2066 τὸ
1306 2003 1365 2089 τῆς
1380 1993 1484 2088 ὑπερ-

310 2112 411 2202 βολῆς
429 2164 435 2177 .
453 2110 566 2202 ῥητέον
589 2111 625 2178 δέ
648 2112 717 2178 κτλ.
764 2118 807 2203 A,
832 2118 926 2184 Schr.
950 2119 1055 2184 1224.
1090 2155 1131 2164 —-
1169 2121 1199 2179 Σ
1207 2120 1273 2185 384
1295 2119 1484 2202 (Vulcanus

313 2256 354 2298 ex
377 2232 523 2298 Thetide
558 2233 689 2318 quaerit
723 2256 783 2299 cur
805 2235 949 2318 venerit,
986 2257 1054 2300 non
1088 2235 1170 2320 quid
1194 2235 1286 2301 dieat
1310 2235 1484 2321 expectat)
1577 2283 1578 2286 κ

313 2402 320 2416 ,
347 2401 354 2415 .
381 2400 388 2416 .
413 2337 495 2431 ίίναν
518 2343 554 2410 δέ
577 2338 595 2410 ὃ
620 2341 729 2427 στίχος
753 2351 841 2430 (385)
866 2341 1136 2435 σοντετρόχαοται
1159 2349 1200 2436 τῇ
1223 2344 1402 2435 προθυμίᾳ
1426 2353 1486 2437 τῆς

313 2457 537 2551 ἐρωτήσεωςλ)
571 2467 652 2550 T‚B
677 2466 720 2530 ad
742 2491 774 2532 v.
792 2467 869 2532 385.
897 2502 936 2512 —
961 2467 1004 2532 ad
1033 2468 1137 2531 Y210
1159 2466 1224 2527 τῶν
1247 2460 1287 2552 δή
1308 2465 1363 2528 νῦν
1379 2462 1486 2551 ἕτεροί

313 2603 348 2666 γε
370 2587 542 2669 (parentes
569 2583 624 2650 vel
648 2582 795 2649 Achillis
825 2584 881 2647 vel
906 2581 1044 2648 Aeneae
1067 2583 1150 2648 baec
1173 2582 1302 2649 Achilli
1325 2584 1486 2664 dicentis)

313 2693 411 2786 φίλον
438 2695 547 2760 παῖδα
581 2691 778 2760 κλαύσονται
806 2690 952 2784 Σήμερον
985 2699 1082 2764 haec:
1116 2688 1343 2783 ὑπερβολικῶς
1377 2690 1487 2786 εἴρηκε

313 2809 351 2878 τὸ
376 2807 550 2902 ,σήμερον“
576 2815 650 2888 πῶς
673 2807 733 2898 γὰρ
757 2807 888 2893 έμελλεν
903 2810 937 2875 έν
955 2806 1051 2898 Φθίη
1075 2803 1120 2876 ῶν
1135 2803 1356 2892 dnodenarium
1379 2805 1486 2901 ήλεί-

313 2953 373 2994 πει
389 2924 427 2993 τό
444 2921 669 3015 ἀναιρεθέντα.
694 2932 768 2998 Da.
798 2967 836 2976 -
864 2932 949 2997 <aar
974 2931 1126 2996 Achilles
1148 2931 1327 2997 duodecim
1342 2931 1487 2998 iuvenes

314 3049 477 3114 Troianos
512 3047 736 3113 immolandos
770 3046 864 3112 loriis
900 3043 1023 3128 vincit)
1061 3046 1137 3121 τοῦς
1166 3038 1259 3109 αὐτοὶ
1285 3041 1488 3132 φορέεσκον]

315 3164 520 3249 περιπαθῶς
543 3151 669 3244 dyest)
692 3162 795 3224 ταῦτα
819 3154 879 3248 γαρ
903 3152 1037 3248 ἀφορμή
1061 3157 1170 3244 μέμονε
1193 3161 1259 3224 τῶν
1281 3160 1410 3242 δεσμῶν
1427 3153 1490 3225 αὖ·

314 3282 394 3357 τοῖς,
419 3267 441 3341 d
464 3273 511 3354 εἰς
534 3273 697 3366 σωτηρίαν
720 3271 894 3364 ἐπήγοντο.
933 3280 1015 3362 Τ,Β
1040 3279 1205 3345 similiter.
1232 3309 1275 3326 -·
1299 3279 1341 3345 ad
1368 3282 1399 3340 (D
1422 3281 1491 3345 353

315 3385 461 3482 (reipovr'
487 3391 632 3479 ἐγχέλυές
655 3417 690 3457 τε
713 3389 769 3457 καὶ
794 3387 907 3473 ἰχθύες
929 3396 967 3461 in
989 3393 1109 3476 fluvio)
1132 3394 1359 3461 interlineas:
1384 3385 1491 3482 ὑπερ-

315 3505 398 3600 βολή
421 3505 459 3575 τό
483 3504 568 3574 κατὰ
590 3504 684 3597 βιίθη
708 3502 865 3573 καίεσθαι.Ι
911 3506 980 3592 Tf)

424 3742 450 3814 l)
480 3745 540 3797 ἐπεὶ
563 3736 596 3796 οὖ
615 3742 679 3807 πᾶν,
700 3734 768 3795 ἀλλὰ
786 3735 858 3814 μόνη
877 3746 1020 3795 πέπτωκεν
1038 3735 1054 3808 r)
1074 3742 1183 3802 ἔπαλξις
1202 3741 1234 3796 B.
1273 3771 1307 3779 -
1343 3741 1372 3803 2)
1400 3759 1493 3813 oppo-

316 3833 405 3889 situm
429 3833 478 3888 alii
500 3833 596 3888 visum
615 3833 651 3888 ad
671 3837 699 3885 Σ
705 3831 758 3886 385
778 3833 808 3886 in
827 3833 863 3886 T:
892 3824 1034 3890 ἐπαινετὸς
1053 3824 1067 3883 ὁ
1089 3821 1181 3900 ίίρχων
1199 3829 1248 3883 τοῦ
1266 3824 1352 3899 λόγου
1370 3833 1425 3887 κτλ.
1457 3862 1494 3872 --

316 3920 344 3992 3)
366 3912 438 3991 ι’ίγαν
457 3921 537 3978 ornis.
557 3924 591 3977 B.
611 3953 644 3962 -
663 3920 691 3992 4)
712 3929 839 3978 ceterum
855 3939 911 3976 uno
926 3922 988 3976 loco
1002 3922 1148 3976 Homerus
1167 3920 1252 3975 laude
1265 3918 1401 3982 afficitur,
1422 3921 1495 3992 quia

316 4011 413 4068 verbis
423 4029 484 4066 rem
494 4011 773 4080 narratamlauxerit:
786 4017 814 4062 K
817 4011 869 4065 437
875 4003 927 4063 δύο
939 4002 1091 4082 ὑπερβολὰς
1099 4007 1192 4075 ἐνῆκεν
1202 4011 1339 4078 ἐντέχνως.
1350 4009 1494 4065 ATBGD.

318 4133 351 4140 -
370 4119 473 4157 versus
493 4102 571 4156 1198.
587 4102 622 4155 99
641 4106 671 4156 et
689 4101 725 4156 ab
745 4099 937 4169 explicatione
955 4099 1014 4169 illa,
1040 4117 1115 4170 quae
1134 4099 1304 4153 Aristarcho
1330 4096 1376 4169 (cf.
1396 4098 1495 4155 Lehrs

317 4211 344 4262 p.
369 4191 429 4255 185,
459 4190 586 4246 Ariston.
612 4209 634 4261 p⁴
657 4192 690 4245 81
717 4187 967 4264 LFriedlaender)
992 4188 1159 4244 removendi
1182 4206 1270 4243 causa
1293 4186 1362 4242 fuit:
1391 4181 1495 4248 πάντες

319 4275 466 4334 ἀπόλοιντο
485 4273 555 4348 πλὴν
573 4273 651 4352 ἡμῶν
674 4286 704 4335 et
727 4280 764 4334 ab
784 4279 847 4335 aliis
867 4278 1028 4352 opprobriis
1058 4277 1099 4349 (in
1118 4278 1178 4333 cod.
1194 4279 1225 4332 Τ.
1240 4275 1493 4348 praecedentibus)

318 4370 513 4426 defenduntur
531 4370 724 4426 redundantia
742 4369 892 4424 arcessita:
924 4369 994 4430 τινὲς
1013 4361 1198 4440 ὑπερβολικῶς
1226 4382 1316 4438 φασιν
1344 4359 1404 4420 ἀντὶ
1434 4366 1494 4437 τοῦ,

318 4454 475 4528 ,ἀπόλοιντο
495 4464 522 4518 οἱ
542 4452 669 4534 ἀριστεῖς(
688 4501 695 4515 .
715 4501 722 4517 .
743 4501 748 4514 .
768 4460 827 4519 ΤΒ.
