3160 5118
798 400 997 480 -s-

887 594 908 658 2

418 724 560 790 Strabo
583 724 634 792 VI
657 748 689 812 p.
714 727 795 792 271:
818 716 973 811 Ἀλφειὸν
996 720 1032 786 δέ
1055 720 1183 800 Ζωΐλος
1207 715 1224 788 ὁ
1246 717 1353 812 ῥητωρ
1377 719 1412 785 ἐν
1433 724 1483 806 τῶ

316 833 473 902 Τενεδίων
496 833 646 922 ἐγκωμίῳ
671 836 772 926 φησίν
796 837 832 903 ἐκ
852 836 989 904 Τενέδου
1005 841 1080 925 ῥεῖν,
1106 831 1123 902 ὁ
1140 834 1197 903 τὸν
1206 831 1353 927 Ὅμηρον
1371 835 1483 926 ψέγων

311 946 356 1029 ῶς
377 947 635 1042 μυδογριίφον.1)
674 945 801 1037 Ἴβυκος
825 951 861 1018 δέ
884 953 952 1019 κτλ.

890 1164 910 1227 3

415 1287 581 1370 Dionys.
611 1287 722 1354 Huic.
751 1288 794 1353 ae
817 1288 914 1354 naso
937 1289 990 1372 ευ,
1019 1289 1139 1354 von
1163 1288 1221 1353 a:
1257 1287 1323 1348 vav
1346 1282 1382 1349 οε
1404 1280 1481 1362 τως
1563 1267 1564 1310 ¹

309 1392 456 1487 ἀκριβεῖς
478 1398 749 1488 προαιρουμένων
771 1394 887 1485 λόγους
903 1398 960 1464 καί
976 1395 1062 1487 πρδς
1077 1396 1135 1489 την
1151 1395 1327 1486 ἐναγώνιον
1342 1393 1480 1468 ἀσκούν-

308 1540 373 1580 τιυν
391 1511 582 1605 1ῥητορικὴν
616 1501 661 1580 ῶν
689 1514 818 1601 ’ἐγένετο
851 1509 1016 1604 Ἀντιφῶν
1048 1541 1084 1581 τε
1119 1509 1136 1581 δ
1164 1509 1386 1599 Ῥαμνούσιος,
1423 1515 1480 1582 καὶ

312 1627 529 1719 Θρασύμαχος
564 1624 582 1696 ὃ
618 1627 857 1716 Χαλκηδόνιος,
893 1629 950 1696 καὶ
984 1627 1202 1721 Πολυκράτης
1237 1625 1255 1697 ὃ
1289 1625 1478 1723 Ἀθηναῖος,

308 1744 447 1835 Κριτίας
470 1772 505 1813 τε
528 1740 547 1811 ὃ
570 1750 636 1812 τῶν
658 1742 835 1835 τριάκοντα
859 1739 967 1835 δῖρξας,
996 1746 1054 1813 καὶ
1077 1746 1241 1833 Ζωῖλοςῖ)
1269 1741 1286 1813 δ
1315 1744 1376 1827 τας
1398 1742 1477 1814 καθ’
1564 1831 1565 1838 ρ

304 1857 450 1998 Ὅμηρου
473 1858 640 1942 συντάξεις
663 1859 859 1928 novatianis
882 1862 939 1929 καί
963 1857 1059 1930 αλλοι
1082 1859 1231 1929 τοιοῦτοί
1246 1889 1340 1946 τινες,
1366 1858 1481 1930 οὐδένα

226 1991 229 1998 ’
307 1972 485 2068 ἡγούμενος
503 1971 576 2045 οῖτε
592 1972 830 2066 ἀκριβέστερον,
849 2004 923 2045 cvra
933 1979 1148 2114 χαριέστερον,
1163 1978 1326 2066 γεγονέναι
1339 1979 1479 2047 Λυσίου.

217 2142 220 2148 v
305 2088 472 2184 Ανῖίφῶν
496 2119 530 2181 γε
548 2092 614 2185 μὴν
629 2121 668 2160 TO
685 2089 846 2185 ᾱῖλσῖηρθν
862 2091 926 2177 ἔχει
941 2121 1042 2179 novor
1057 2095 1113 2162 καί
1130 2090 1274 2184 ἆρχαῖθν,
1299 2089 1480 2186 ἆγίδνίσῖὴς

308 2210 344 2275 δέ
367 2204 526 2296 λέγων’
496 2204 570 2277 ου’τε
593 2212 884 2296 συμβουλευτικῶν,
916 2204 989 2278 οῖτε
1013 2208 1227 2277 δίκανικῶν
1211 2235 1309 2282 εστιν.
1368 2213 1479 2278 Πολυ-

307 2324 429 2417 κράτης
453 2326 489 2392 δέ
512 2323 603 2406 κενδς
624 2326 685 2411 μὲν
709 2326 743 2391 ἐν
762 2331 833 2406 τοῖς
854 2322 1038 2417 ἀληθινοῖς,
1059 2325 1182 2416 ψυχρὸς
1197 2327 1234 2393 δέ
1250 2328 1307 2394 καὶ
1323 2319 1480 2418 φορτικὸς

309 2442 435 2522 ἐντοῖς
459 2443 707 2525 ἐπιδεικτικοῖς,
733 2436 848 2531 δίχαρις
873 2437 900 2509 δ’
926 2442 959 2508 ἐν
979 2448 1051 2522 τοῖς
1069 2449 1299 2531 χαριεντισμοῦ
1315 2443 1480 2528 δεομένοις

308 2557 393 2626 ἐστί’
422 2556 638 2647 Θρασύμαχος
654 2559 690 2625 δὲ
706 2557 855 2649 καθαρδς
870 2559 930 2643 μέν
953 2558 1009 2626 καί
1033 2556 1155 2638 λεπτδς
1178 2559 1235 2625 καὶ
1258 2558 1363 2639 δεινδς
1379 2554 1480 2649 εὑρεῖν

308 2675 416 2741 τεκαὶ
432 2673 541 2741 εἰπεῖν
557 2671 759 2763 στρογγύλως
774 2675 832 2740 καὶ
849 2679 1021 2763 περιττῶς,
1040 2667 1058 2741 ὃ
1073 2671 1242 2760 βούλεται·
1260 2681 1330 2756 πῶς
1346 2672 1373 2742 δ’
1393 2676 1480 2742 ἐστίν

308 2790 342 2855 ἐν
356 2795 428 2868 τοῖς
442 2795 708 2879 τεχνογραφικοῖς
723 2791 780 2856 καὶ
804 2791 1066 2869 ἐπιδεικτικοῖς·
1084 2790 1272 2872 δικανικοὺς
1295 2792 1331 2858 δέ
1355 2786 1376 2883 ἢ
1398 2816 1478 2876 συμ-

307 2902 536 2991 βουλευτικοὺς
563 2900 622 2972 οὐκ
645 2900 855 2973 ἀπολέλοιπε
888 2903 1014 2992 λόγους.
1071 2904 1113 2972 τοὶ
1142 2906 1178 2973 δέ
1206 2902 1289 2974 αὐτοὶ
1319 2907 1376 2974 καὶ
1401 2906 1479 2996 περὶ

308 3115 521 3124 m

416 3256 444 3326 1)
463 3258 551 3312 verba
571 3249 629 3309 ὁ-
640 3249 830 3327 μυθογράφον
848 3256 879 3311 in
898 3256 1061 3327 marginem
1079 3256 1236 3328 releganda
1249 3262 1334 3328 putat
1347 3257 1479 3326 wolfius,

310 3348 417 3418 proleg.
436 3365 463 3419 p.
483 3349 543 3417 192,
558 3348 601 3413 62,
625 3345 700 3400 falso
723 3353 757 3400 ut
774 3346 847 3401 mihi
865 3346 987 3401 videtur.
1032 3346 1170 3402 Lehrsius
1190 3344 1303 3416 (Arist.⁸
1317 3347 1383 3416 202)
1402 3354 1480 3403 recte

310 3455 376 3492 cum
395 3437 542 3492 Hardione
560 3436 648 3492 verba
663 3443 695 3488 ut
709 3430 872 3491 sententiae
884 3445 995 3507 partem
1010 3453 1067 3489 non
1080 3453 1323 3506 supervacaneam
1339 3436 1478 3492 defendit:

310 3525 414 3580 Strabo
442 3525 518 3580 enim
547 3531 707 3580 memoratu
736 3525 856 3595 dignum
884 3523 1004 3592 censuit,
1033 3525 1109 3596 quod
1139 3524 1164 3580 is
1196 3524 1245 3597 qui
1264 3526 1423 3580 Homerum
1448 3531 1480 3580 ut

310 3614 475 3671 fabularum
492 3615 622 3670 fictorem
641 3615 864 3685 reprehenderet
882 3614 945 3686 ipse
962 3614 1077 3669 fabulas
1095 3613 1276 3670 incredibiles
1294 3615 1426 3686 fingeret.

417 3711 448 3783 2)
463 3712 558 3768 Faber
578 3712 614 3768 ad
632 3711 757 3784 Longin.
778 3711 831 3783 (ed.
843 3712 1027 3780 Tollianaep.
1038 3711 1084 3782 71)
1103 3711 1307 3785 adscripscrat:
1327 3714 1479 3790 „Ceterum

311 3821 382 3859 cave
410 3802 571 3857 confundas
599 3802 676 3858 huno
697 3803 953 3872 Homeromastiga
982 3820 1048 3856 oum
1076 3801 1126 3857 illo
1145 3803 1237 3857 altero
1256 3802 1337 3857 Zoilo
1356 3804 1479 3869 rhetore,

311 3893 360 3964 qui
388 3899 518 3964 tempore
536 3892 668 3947 Platonis
696 3891 794 3946 floruit
822 3891 928 3963 quique
952 3891 1091 3946 adversus
1111 3892 1194 3946 illum
1213 3891 1357 3964 scripsit.“
1395 3909 1479 3964 quem
1562 3946 1563 3959 ,

311 3988 428 4037 secutus
455 3981 594 4037 Reiskius
626 3983 681 4036 boc
713 3983 776 4037 loco
805 3981 919 4036 Zoilum
951 3981 1093 4051 quendam
1124 3982 1271 4038 rhetorem
1302 3999 1368 4036 oum
1399 3981 1479 4035 Zoilo

311 4071 564 4141 Homeromastige
583 4070 738 4126 confusum
757 4089 818 4125 esse
837 4076 942 4126 censet.
980 4071 1062 4126 cuius
1080 4071 1250 4128 secretionis
1278 4072 1390 4126 nullam
1417 4087 1480 4126 esse
1562 4092 1563 4140 χ

312 4178 430 4216 causam
448 4160 649 4216 demonstrare
663 4161 795 4215 conabor.
830 4178 900 4216 cave
919 4162 1045 4228 omittas,
1066 4178 1167 4216 omnes
1186 4161 1319 4217 homines
1337 4161 1386 4215 hic
1404 4166 1479 4215 trac-

312 4255 390 4305 tatos
407 4250 613 4306 additamentis
632 4248 738 4329 certius
757 4250 926 4320 significari:
946 4257 982 4304 ut
1000 4248 1092 4304 tribus
1110 4249 1254 4322 prioribus
1272 4250 1367 4322 patria
1379 4250 1479 4305 adiun-

313 4338 401 4410 gitur,
430 4347 459 4396 et
484 4339 590 4396 Critias
617 4340 750 4413 tyrannis
775 4340 863 4398 XXX
892 4339 1044 4409 addicitur,
1071 4339 1112 4394 sic
1131 4340 1206 4395 Zoili
1231 4339 1341 4395 nomini
1359 4340 1389 4395 id
1407 4356 1480 4411 opus

314 4429 436 4496 additur,
456 4451 511 4506 quo
530 4432 658 4487 famosus
677 4431 772 4486 factus
791 4436 841 4487 est.
