3160 5118
550 425 768 492 ...ssa

63 607 223 674 divisum
250 603 394 684 libros.¹)
440 607 504 672 hoc
534 629 619 693 opus
648 606 849 692 inscriptum
871 605 979 670 fuisse
998 593 1247 690 Ὁμηρομαὶσιιξ

62 719 270 807 Lehrsius²)
307 724 408 790 valde
446 723 623 808 ingeniose
662 721 818 805 coniecit,
865 743 907 786 ex
944 719 1072 787 Licinii
1111 721 1245 814 Cicero·
1334 729 1336 734 '

61 841 218 926 mastige
242 847 277 906 et
300 839 442 905 Carvilii
466 838 768 922 Aeneidomastige
789 873 827 882 —
854 835 958 903 addas
992 836 1074 902 licet
1097 837 1245 903 Ausonii

65 951 477 1042 GrammaticomnstigaZ
492 993 532 1002 -—
558 954 618 1020 sed
643 954 788 1020 coniecit
810 960 959 1019 tantum:
984 959 1152 1020 certares
1176 977 1244 1020 non

63 1068 164 1151 est.⁴)
200 1105 241 1118 -
277 1078 408 1137 certum
435 1072 521 1136 mihi
549 1071 687 1138 videtur
715 1070 998 1137 declamationem
1027 1069 1121 1135 illam
1144 1093 1245 1156 quam

62 1187 235 1254 Lehrsius
243 1182 268 1265 15)
303 1211 346 1254 ex
374 1187 499 1254 Snidae
533 1189 606 1253 loco
638 1187 826 1272 suspicioso
862 1188 906 1272 (p.
931 1188 982 1270 16,
1005 1184 1039 1266 2)
1067 1186 1246 1253 constituit

63 1326 239 1390 quamque
268 1295 374 1387 ψόγος
398 1294 544 1389 Ὁμήρου
571 1304 771 1389 inscriptam
799 1303 904 1368 fuisse
927 1307 1035 1388 putat,
1071 1325 1140 1368 non
1164 1326 1245 1370 enu-

64 1419 270 1486 merandam
304 1442 377 1486 esse
411 1420 449 1485 in
485 1420 573 1486 Zoili
608 1414 785 1505 scriptia.⁶)
836 1419 1013 1485 distinctio
1047 1443 1066 1485 a
1100 1418 1245 1485 Lehrsio

65 1537 165 1602 inter
192 1535 471 1602 declamationem
500 1536 703 1602 rhetoricam
724 1526 852 1618 ’(ψόγας
871 1523 1032 1620 Ὁμήρου)
1061 1541 1096 1600 et
1119 1535 1244 1600 librum

65 1652 301 1738 sophistarum
335 1652 479 1737 argutiis
514 1652 633 1718 nixum
667 1653 792 1717 factam
801 1647 826 1733 ⁷)
863 1651 1002 1718 delendi
1030 1674 1099 1718 non
1123 1656 1244 1736 potest,

64 1777 108 1834 ut
134 1766 265 1854 opinor.

179 1886 373 1970 fragmenta
402 1884 566 1950 librorum
595 1884 730 1949 illorum
756 1906 882 1950 novem
906 1884 1126 1950 continentur
1148 1884 1244 1949 testi-

65 2000 197 2067 moniis
222 2001 251 2066 7.
280 2002 330 2066 12.
358 2001 408 2066 14.
432 2001 574 2066 25-39.
821 1988 823 1991 ’

160 2111 212 2182 v8.
247 2117 303 2183 vel
330 2116 384 2182 his
413 2115 450 2180 in
478 2115 575 2181 libris
598 2117 653 2181 IX
677 2117 787 2181 inerat
810 2117 866 2183 vel
889 2122 1019 2181 secreta
1041 2117 1082 2182 ab
1106 2116 1149 2181 iis
1173 2121 1246 2180 erat

65 2232 222 2299 laudatio
250 2227 486 2319 Polyphemi⁸)
516 2225 577 2314 (εἰς
605 2224 813 2317 Πολύφημον
842 2224 1026 2314 ἐγκώμιον).
1072 2234 1244 2318 fragmen-

66 2357 146 2416 tum
169 2349 207 2415 in
230 2354 308 2414 test.
333 2349 387 2414 25.

180 2465 306 2531 Suidao
340 2464 426 2530 illud
461 2456 686 2549 γραμματικός
715 2463 784 2548 (17)
820 2471 865 2530 et.
889 2457 1014 2549 ἔγραψα
1045 2459 1159 2544 μέντοι
1188 2460 1245 2525 καί

67 2603 146 2642 τινα
181 2572 392 2667 γραμματικά
419 2580 490 2662 (19)
524 2581 692 2667 respicere
719 2576 892 2662 videtur9)
920 2582 1009 2646 Zoili
1037 2580 1151 2646 studia
1174 2582 1243 2646 Ho-

67 2697 213 2778 merica;
247 2697 326 2763 libri
361 2696 404 2762 ad
439 2698 696 2782 grammaticam
732 2698 944 2784 pertinentes
973 2697 1056 2763 alibi
1078 2719 1147 2762 non
1171 2698 1242 2763 lan-

68 2808 251 2895 dantur.¹⁰)
300 2835 372 2878 rem
396 2814 649 2899 grammaticam
672 2815 813 2901 respicit
840 2816 1071 2900 fragmentum
1100 2820 1177 2880 test.
1204 2815 1246 2878 14

67 2929 247 2996 traditum.

180 3045 218 3111 Si
251 3045 335 3112 haec
370 3047 483 3112 omnia
517 3046 589 3111 iure
616 3046 712 3112 Zoilo
746 3046 954 3131 tribuuntur,
992 3046 1096 3112 variis
1118 3047 1244 3113 litteris

68 3169 145 3228 erat
171 3163 309 3249 politus.
356 3185 422 3248 qua
445 3185 482 3229 re
505 3162 697 3228 simillimus
722 3169 774 3228 est
797 3161 1004 3228 Anaximeni
1028 3158 1243 3248 discipuloss)
1275 3257 1277 3262 Ι

70 3279 114 3344 de
151 3301 216 3364 quo
251 3278 393 3364 Dionys.
417 3279 495 3344 Hal.
519 3280 551 3345 V
574 3280 639 3344 626
667 3279 710 3344 R.
756 3280 819 3343 ita:
861 3267 1073 3363 Ἀναξιμένην
1113 3273 1149 3338 δὲ
1187 3271 1244 3340 τὸν

72 3387 321 3480 Λαμψακηνόν,
359 3389 393 3456 ἐν
425 3384 576 3469 ἁνιαὶσαις
603 3390 663 3474 μὲν
686 3395 760 3468 ταῖς
785 3387 890 3467 ἰδέαις
913 3393 978 3454 τῶν
1002 3384 1107 3474 λόγων
1128 3386 1243 3478 τετρά-

180 3649 208 3721 1)
227 3650 321 3706 Lehrs
340 3650 427 3707 Arist.
439 3672 465 3724 p.
476 3653 536 3707 203.
557 3683 590 3692 -
610 3651 638 3723 2)
657 3652 750 3707 Lehrs
769 3651 858 3707 Arist.
877 3668 903 3721 p.
914 3650 1005 3704 20511.
1026 3680 1057 3688 -
1077 3647 1105 3717 3)
1124 3649 1257 3703 techno?

71 3737 175 3811 paegn.
195 3740 278 3804 XIII,
304 3758 331 3811 p.
353 3741 403 3795 139
422 3741 487 3796 Sch.
516 3773 550 3781 -
578 3741 607 3812 4)
627 3742 662 3797 cf.
682 3741 815 3812 Spindlcr
833 3759 860 3811 p.
882 3741 923 3794 16.
960 3739 1083 3793 Lehrsio
1111 3737 1245 3793 assentiri

71 3831 189 3887 videtur
206 3829 367 3901 ThBergk,
396 3831 452 3886 Gr.¹
470 3831 540 3886 Litt.
561 3831 663 3886 Gesch.
683 3833 771 3900 1892,
785 3829 827 3885 15.
859 3859 886 3867 -
919 3828 947 3897 5)
967 3827 1054 3883 Arist.
1074 3846 1101 3898 p.
1121 3828 1180 3881 206.
1210 3859 1244 3866 —

71 3921 98 3989 e)
119 3919 166 3975 or.
185 3920 246 3974 Ate.
266 3919 297 3974 11
310 3920 370 3976 νιν.
389 3920 522 3976 Blassius
540 3920 708 3977 dubitanter
725 3921 823 3991 pace.
844 3918 1016 3974 canullan
1028 3938 1055 3989 p.
1069 3919 1093 3973 e.
1113 3904 1245 3989 Spindler

72 4029 98 4081 p.
121 4009 163 4064 18.
193 4040 226 4048 -
252 4008 280 4078 i)
300 4008 390 4064 Arist.
409 4029 436 4081 p.
456 4012 516 4066 201.
536 4029 553 4065 a
572 4010 695 4066 Lehrsio
714 4014 774 4064 stat
792 4009 888 4064 Lauer
905 4010 923 4064 l.
944 4026 967 4062 c.
986 4027 1012 4078 p.
1032 4009 1074 4063 39.
1101 4036 1132 4045 -
1161 4007 1190 4075 8)
1209 4007 1245 4062 de

73 4117 130 4170 qua
144 4099 241 4154 'Lehrs
260 4099 348 4154 Arist.
368 4117 394 4170 p.
413 4100 473 4155 202.
504 4130 535 4138 -
565 4101 593 4167 9)
612 4099 648 4156 cf.
668 4100 753 4154 Blass
772 4099 790 4153 l.
811 4117 834 4153 c.
853 4116 880 4169 p.
899 4097 960 4152 345.
981 4127 1012 4136 -
1036 4095 1080 4166 10)
1098 4095 1129 4151 in
1148 4095 1244 4151 Mont-

72 4190 148 4243 fauc.
168 4187 235 4243 bibl.
255 4189 372 4244 coislin.
392 4208 417 4261 p.
432 4190 484 4244 597
504 4189 582 4244 etin
601 4188 728 4244 Crameri
747 4188 846 4244 anecd.
861 4187 952 4244 Paris.
972 4188 1014 4242 IV
1025 4187 1076 4242 195
1096 4186 1195 4240 Zoilus
1214 4185 1244 4240 in

73 4277 329 4348 grammaticorum
358 4296 478 4334 numero
506 4279 616 4334 frustra
640 4278 796 4350 quaeritur.
827 4307 857 4315 -
887 4275 932 4347 11)
961 4277 1070 4348 dequo
1090 4275 1245 4330 GMuellcr

72 4368 131 4422 Scr.
150 4385 204 4423 rer.
224 4368 306 4424 Alex.
325 4369 364 4424 M.
384 4388 410 4441 p.
429 4368 543 4426 33-39.
582 4367 660 4424 Orat.
684 4369 745 4422 Att.
769 4367 862 4424 11320
880 4385 920 4442 sq.
945 4366 1029 4424 Bless
1049 4366 1108 4424 Att.
1128 4364 1244 4422 Bereds
