3160 5118
807 463 846 472 ,.
893 421 1024 491 62·-

329 603 413 669 bant
440 605 514 669 sive
542 605 649 669 amice
679 605 849 690 allegoriis
879 605 1051 672 advocatis
1087 609 1198 693 poesis
1234 613 1410 694 parentem
1447 607 1502 672 de·

329 720 519 787 tenderent.
566 721 625 786 sed
648 721 731 786 haec
754 721 991 808 interpretatio
1015 728 1050 788 et
1073 723 1173 790 initio
1197 731 1232 790 et
1248 730 1366 810 postea
1382 745 1503 789 manca

329 837 473 923 quodam
497 839 597 903 modo
622 844 702 904 erat.
751 844 785 903 et
809 838 1022 924 exstiterunt,
1055 840 1113 926 qui
1137 841 1258 907 melius
1289 840 1502 927 philosophis

329 953 380 1034 (ut
404 975 481 1020 cum
498 953 560 1019 ΡΑ
572 953 698 1020 Wolfio
708 949 731 1035 ¹)
747 955 843 1040 pute)
860 956 1067 1021 carminibus
1082 956 1274 1022 Homericis
1290 955 1502 1042 explicandis

329 1070 516 1155 studerent,
540 1071 712 1158 sophistae
727 1071 870 1136 Periclis
893 1072 1101 1158 temporibus
1122 1073 1373 1158 provenientes.
1421 1094 1502 1157 quo-

328 1208 403 1251 rum
428 1210 446 1251 e
470 1187 592 1252 studiis
614 1209 668 1253 ars
692 1188 810 1253 critica
827 1194 901 1253 crta
925 1193 985 1271 est,
1011 1211 1079 1274 qua
1102 1189 1168 1254 viri
1192 1187 1284 1254 docti
1301 1188 1501 1253 Alexandri-

329 1285 449 1369 norum
474 1309 584 1368 aetate
601 1304 824 1369 excellebant:
850 1325 936 1390 quae
959 1325 1012 1369 ars
1037 1304 1147 1371 omnis
1171 1302 1224 1387 (ut
1239 1303 1404 1370 Wolfium
1420 1326 1501 1368 eun-

330 1419 407 1484 dem
421 1415 570 1504 sequarssl
585 1421 748 1506 ,proiecta
760 1425 812 1484 est
827 1421 941 1506 potius
958 1421 1000 1486 ab
1016 1421 1212 1504 aesthetico,
1230 1420 1319 1507 quod
1334 1426 1501 1486 nostrates

329 1541 463 1618 vocant,
493 1557 594 1620 quam
618 1535 736 1601 critico
760 1535 897 1619 iudicio,
925 1538 991 1620 vel,
1027 1537 1138 1602 atita
1166 1537 1287 1621 dicam,
1322 1558 1342 1601 a
1368 1535 1501 1621 poetica

329 1651 568 1738 potiusquam
593 1651 813 1737 diplomatica
836 1649 925 1717 fide‘
973 1653 1130 1718 existimo
1153 1653 1261 1738 igitur
1289 1674 1390 1717 exre
1418 1675 1500 1735 esse,

329 1767 539 1854 philosophis
564 1769 622 1854 qui
646 1768 788 1834 Homeri
811 1769 1130 1855 interpretationem
1153 1768 1394 1834 inchoaverint
1416 1773 1501 1833 trac·

329 1883 410 1949 tatis
437 1905 491 1948 me
520 1883 562 1948 de
590 1884 633 1948 iis
661 1884 855 1950 hominibus
883 1907 995 1970 agere,
1026 1907 1045 1950 a
1073 1884 1195 1970 quibus
1225 1885 1369 1950 alterum
1398 1884 1500 1948 inter-

330 2001 531 2086 pretationis
552 2021 660 2084 genus
675 2000 874 2066 institutum
897 2008 958 2084 est,
984 2001 1217 2085 aesthetieum,
1243 2000 1331 2086 quod
1348 2000 1499 2065 dicimus

332 2125 368 2183 at
390 2139 434 2182 no
457 2116 514 2182 hic
539 2116 676 2202 quidem
700 2117 781 2181 lieet
804 2117 841 2181 in
857 2116 1036 2203 principiis
1056 2117 1224 2202 resistere,
1249 2116 1308 2182 sed
1331 2122 1404 2183 tota
1426 2139 1499 2202 pro·

331 2232 445 2298 vincia
475 2233 516 2298 ab
541 2232 641 2299 initio
663 2255 771 2318 usque
799 2232 843 2298 ad
871 2233 993 2298 ultima
1022 2239 1175 2320 tempora
1201 2233 1413 2318 peragranda
1440 2237 1498 2296 est.

331 2356 366 2414 et
389 2348 548 2434 quoniam
572 2348 799 2436 sophistarum
824 2355 859 2414 et
882 2349 940 2435 qui
956 2349 1086 2415 similes
1110 2350 1180 2414 sint
1200 2349 1436 2414 adnotationes
1460 2347 1499 2413 ad

331 2471 438 2530 artem
453 2472 573 2551 poetae
590 2471 782 2552 spectantes
798 2489 818 2530 a
833 2466 1068 2550 grammaticis
1085 2473 1274 2552 temporum
1292 2470 1499 2551 posterorum

314 2559 316 2566 ,
332 2583 386 2648 vel
410 2583 490 2648 solis
506 2582 688 2648 traduntur
710 2582 765 2646 vel
782 2583 1035 2666 continuantur,
1060 2582 1210 2647 hocloco
1231 2588 1266 2647 et
1282 2581 1324 2645 de
1341 2581 1499 2666 sophistis
1552 2573 1553 2580 ¹

332 2705 366 2765 et
390 2699 431 2764 de
448 2699 679 2784 grammaticis
704 2705 739 2763 et
759 2699 801 2762 de
817 2698 973 2764 omnibus
991 2698 1138 2783 denique
1155 2705 1284 2782 agetur,
1310 2699 1499 2782 quicunque

332 2819 373 2882 de
397 2822 469 2881 arte
493 2814 634 2880 Homeri
658 2811 795 2898 iudicia,
821 2837 907 2900 quae
930 2797 1125 2880 aesthetiea
1141 2835 1309 2896 vocamus,
1338 2814 1498 2879 fecerunt.

330 2958 372 2999 ex
396 2931 517 3020 quibus
533 2930 724 2995 laudatores
748 2931 831 2995 artis
847 2931 910 2996 hoc
933 2931 1007 2997 loco
1029 2931 1142 2995 omitti
1163 2936 1425 3004 consentaneum
1451 2935 1500 2993 est

332 3073 373 3115 ex
397 3047 692 3115 commentationis
716 3047 816 3112 huius
842 3046 967 3113 indole.

437 3167 484 3229 Et
506 3164 664 3250 princeps
700 3170 734 3228 et
763 3163 860 3228 nobis
888 3162 1025 3249 quidem
1048 3163 1177 3249 primus
1202 3199 1243 3206 —
1268 3183 1347 3227 nam
1371 3161 1497 3228 Aristo-

331 3282 409 3347 telis
445 3280 596 3366 aequalis
630 3280 731 3362 paulo
763 3279 872 3345 maior
907 3301 981 3344 esse
1016 3279 1152 3344 videtur
1189 3315 1229 3323 -
1266 3279 1302 3343 in
1331 3283 1395 3343 hac
1418 3277 1498 3343 artis

331 3396 472 3463 Homeri
504 3418 646 3461 censura
681 3401 732 3460 est
755 3394 880 3479 Zoilus,
916 3395 958 3459 de
982 3417 1048 3480 quo
1072 3396 1139 3479 egi.
1192 3395 1304 3461 eidem
1327 3394 1424 3459 Zoilo
1447 3393 1497 3459 vel

330 3513 418 3578 Zoili
446 3512 645 3598 propinquis
673 3511 765 3577 haud
793 3512 863 3576 seio
892 3534 935 3575 an
958 3510 1031 3575 iure
1062 3511 1190 3596 optimo
1220 3505 1320 3592 duel)
1355 3510 1421 3575 loci
1445 3508 1497 3574 ad-

331 3630 520 3714 signentur,
555 3648 697 3714 quorum
731 3628 841 3693 forma
875 3647 992 3712 pressa
1025 3631 1189 3711 acuteque
1226 3648 1265 3692 eo
1301 3631 1393 3690 certe
1433 3647 1497 3690 non

329 3745 475 3830 indigna
499 3745 558 3809 sit:
587 3745 624 3809 in
647 3744 750 3828 longo
773 3742 832 3808 illo
856 3741 983 3808 scholio
1008 3743 1038 3801 B
1053 3742 1117 3806 144
1139 3741 1222 3807 haec
1245 3741 1412 3827 particula
1436 3761 1496 3806 ser-

330 3861 441 3927 monis
475 3860 665 3946 propietate
689 3859 872 3944 conspioua
895 3865 960 3923 est:
997 3849 1142 3918 διὰτί.
1169 3905 1176 3919 .
1204 3905 1211 3918 .
1247 3850 1305 3918 καὶ
1328 3846 1348 3941 ἡ
1373 3845 1497 3940 Ἀθηνᾶ

331 3969 581 4060 ααραγίνεται4)
616 3965 687 4036 ἀπὸ
715 3974 860 4058 μηχανῆς
889 3962 1002 4056 ὥσπερ
1022 3964 1238 4034 καθεύδοντα
1261 3965 1319 4033 τὸν
1339 3961 1495 4035 Ὀδυσσέα

330 4086 513 4176 ἐγείρουσα,·
537 4091 612 4175 ΤΒ,
629 4090 723 4156 Schr.
739 4091 822 4155 126.
840 4127 877 4134 -
906 4091 935 4150 Σ
947 4089 1012 4154 246
1029 4079 1156 4173 (ὀρθῶν
1172 4077 1199 4149 δ’
1219 4079 1389 4149 ἑσταότων
1400 4077 1494 4170 ἀγορὴ

438 4278 464 4349 1)
484 4278 592 4348 proleg.
612 4295 638 4348 p.
659 4275 787 4330 CLXVI.
817 4305 848 4314 —
879 4273 907 4344 2)
927 4275 980 4330 l.1.
1001 4293 1027 4345 p.
1048 4273 1206 4328 CLXXIV.
1236 4303 1267 4312 —
1297 4273 1326 4340 3)
1345 4291 1404 4327 non
1423 4289 1494 4328 oom-

330 4368 468 4440 prehendi
488 4367 578 4421 schol.
598 4367 621 4419 Τ
640 4365 676 4419 ad
692 4371 717 4416 Z
725 4365 778 4418 200
793 4405 798 4417 .
813 4406 839 4419 ..
861 4369 886 4417 εἰ
905 4363 935 4415 di
952 4356 1042 4433 χωλὸς
1060 4357 1099 4430 ἦν,
1119 4362 1176 4428 πῶς
1190 4355 1286 4429 ἦλᾶτο;
1301 4391 1332 4401 -
1347 4361 1376 4444 4)
1395 4363 1494 4428 Maesa.

331 4451 452 4538 παράγει
471 4459 495 4512 Τ
514 4461 543 4512 et
561 4457 650 4536 Lips,
668 4460 852 4532 παραγίνεται
870 4447 886 4524 ri
905 4448 956 4511 'Aa
977 4455 1009 4516 Β,
