3160 5118
592 397 916 461 ..‚47-..

253 676 456 798 Deciis
497 677 688 798 Homeri
729 676 1149 797 obtrectatoribus.

647 915 754 924 —-·--.

224 1039 301 1104 Non
324 1040 447 1124 exigua
469 1062 546 1125 pars
571 1041 852 1122 testimoniorum,
879 1038 1001 1125 quibus
1015 1038 1105 1104 Zoili
1127 1038 1287 1124 imaginis

104 1155 326 1240 aliquantum
349 1155 579 1221 restituendae
601 1157 746 1222 facultas
769 1156 868 1221 nobis
893 1153 1000 1238 detur,
1026 1177 1067 1219 ex
1083 1154 1287 1220 scholiorum

108 1270 205 1336 mole
228 1270 432 1336 carminibus
448 1271 638 1338 Homericis
654 1271 902 1358 adscriptorum
919 1270 1138 1357 depromitur.
1174 1293 1287 1337 nonne

106 1387 223 1473 igitur
245 1394 508 1454 consentaneum
532 1394 584 1454 est
604 1410 666 1454 nos
683 1388 811 1454 scholia
827 1389 886 1454 illa
901 1389 996 1454 adire
1020 1393 1055 1453 et
1070 1388 1287 1474 perscrutari,

112 1527 194 1570 oum
232 1503 274 1569 de
308 1504 449 1570 Homeri
488 1504 771 1570 obtrectatoribus
809 1505 908 1590 plura
947 1526 1063 1570 eruere
1102 1504 1139 1568 in
1174 1505 1287 1571 animo

111 1619 319 1686 habeamus?
365 1621 441 1706 quis
465 1620 558 1686 enim
581 1629 641 1687 est
658 1621 740 1706 quin
764 1627 873 1707 putet,
908 1643 951 1686 ex
984 1620 1138 1706 reliquiis
1161 1642 1286 1704 eorum,

114 1758 203 1822 quae
225 1737 292 1802 viri
317 1736 408 1802 docti
433 1737 640 1803 Graecorum
668 1738 705 1803 in
735 1736 942 1803 carminibus
966 1737 1158 1802 Homericis
1181 1736 1286 1802 edno-
1379 1794 1381 1799 .

112 1858 286 1936 taverunt,
320 1853 397 1938 plus
426 1876 528 1939 qnam
555 1854 713 1919 alicunde
742 1853 785 1918 de
813 1852 1010 1920 consoribus
1033 1853 1176 1919 Homeri.
1199 1875 1289 1919 com-

113 1967 243 2054 periri?
308 1991 510 2054 quamquem
554 1970 652 2036 brevi
695 1970 916 2053 intellegetur
963 1969 1013 2048 (ut
1054 1968 1168 2034 verbis
1212 1977 1290 2035 utar

114 2084 165 2148 F:
180 2082 223 2148 A.
248 2080 410 2166 Wolfii¹))
435 2108 487 2167 ,ex
511 2092 638 2171 quanto
660 2086 840 2170 naufragio
865 2086 902 2151 in
924 2084 989 2150 hoc
1013 2085 1186 2151 doetrinae
1210 2085 1289 2150 orbe

114 2221 217 2284 quam
244 2222 351 2284 pauca
374 2201 416 2266 ad
440 2223 502 2267 nos
532 2203 688 2289 perlapsa
715 2203 909 2287 fragmenta
937 2201 1016 2280 sint,
1054 2202 1163 2266 instar
1197 2202 1289 2266 foru-

113 2316 226 2381 lorum
254 2317 385 2401 aliquot
411 2341 453 2384 ex
477 2317 681 2383 bibliotheca
709 2314 867 2403 ingenti‘
903 2353 945 2364 -
980 2318 1121 2403 perlegi,
1149 2323 1188 2382 ut
1210 2316 1290 2382 huic

113 2453 192 2496 meo
216 2431 329 2498 officio
353 2433 553 2514 sufficerem,
591 2434 719 2499 scholia
754 2432 869 2500 codiee
892 2434 1025 2501 Veneto
1061 2429 1137 2518 A2),
1174 2433 1289 2499 codice

114 2545 388 2634 Townleyanoll,
414 2548 530 2615 codice
546 2545 770 2628 Genevensi4)
787 2549 927 2615 tradita:
952 2549 1102 2615 codicem
1117 2549 1289 2615 Venetum

115 2659 182 2744 Bl)
205 2686 285 2750 prae
309 2665 425 2731 codice
449 2666 678 2751 Townleyano
694 2673 787 2732 reete
803 2667 952 2752 neglegi,
977 2688 1094 2732 omnes
1116 2671 1154 2730 ut
1169 2666 1290 2752 opinor

116 2779 314 2864 concedent,
350 2783 409 2867 qui
444 2781 564 2846 harum
599 2804 711 2847 rerum
734 2782 804 2848 sint
826 2782 945 2868 periti;
982 2782 1024 2847 iis
1048 2788 1182 2848 tantum
1205 2782 1288 2847 locis

114 2895 365 2983 huncquoque
395 2898 546 2963 codicem
573 2905 609 2964 ct
637 2898 765 2964 scholia
792 2893 956 2979 minoral)
992 2898 1194 2984 comparavi,
1231 2897 1290 2965 ubi

225 3081 252 3151 1)
271 3083 343 3153 prol.
363 3083 400 3137 ad
419 3083 505 3138 Hom.
524 3102 552 3155 p.
571 3083 655 3138 XIII.

223 3171 250 3239 2)
271 3173 295 3225 Α
315 3195 351 3217 =
369 3172 480 3227 scholia
509 3172 615 3229 codicis
645 3173 749 3230 Veneti
766 3174 822 3228 454
849 3193 867 3228 a
891 3173 1037 3229 Guilelmo
1060 3172 1189 3228 Dindorf
1213 3190 1289 3227 anno

116 3258 360 3318 MDOGOLXXV
379 3262 465 3318 edita.

224 3351 254 3417 3)
273 3351 298 3404 Τ
316 3374 351 3398 =
369 3351 479 3406 scholio
497 3352 604 3408 codicis
618 3353 667 3426 qui
682 3353 789 3409 dicitur
800 3351 991 3424 Townleyani
1003 3353 1039 3407 ab
1053 3353 1177 3408 Ernesto
1191 3352 1289 3408 Maass

117 3457 195 3494 anno
214 3439 518 3498 MDGOOLXXXVII
536 3443 666 3513 vulgata.

223 3529 252 3598 4)
273 3529 299 3584 G
317 3553 353 3575 =
371 3530 481 3585 scholia
509 3531 615 3587 codicis
645 3532 823 3588 Genevensis
850 3533 887 3586 44
913 3532 1010 3603 priora
1037 3549 1055 3585 a
1081 3530 1162 3587 Julio
1190 3530 1290 3586 Nicole

115 3637 194 3673 anno
207 3617 409 3674 MDOOGXOI
423 3619 577 3690 publicata.
596 3621 626 3675 in
646 3620 763 3676 scholiis
778 3622 852 3676 libro
866 3621 942 3676 XXI
960 3621 1114 3692 adscriptis
1133 3638 1204 3675 usus
1223 3638 1288 3674 sum

115 3706 295 3763 editiuncula
313 3727 331 3763 a
343 3709 455 3764 Nicolio
468 3710 569 3766 eodem
584 3729 661 3766 anno
673 3710 830 3783 separatim
844 3713 971 3782 vulgata.
983 3742 1016 3750 —
1030 3710 1086 3766 G2·
1096 3711 1117 3750 3·
1136 3734 1172 3754 =
1190 3711 1217 3764 N
1219 3710 1290 3765 icole

115 3797 173 3852 vol.
193 3797 232 3852 Π.

224 3887 252 3956 5)
272 3888 295 3940 Β
314 3888 477 3943 :scholia
505 3889 612 3945 codicis
635 3891 740 3946 Veneti
766 3891 827 3959 453,
852 3889 1032 3946 aGuilelmo
1060 3888 1188 3964 Dindorf
1213 3907 1289 3943 anno

115 3975 393 4035 MDOOOLXXVII
411 3978 497 4034 edita.
974 4041 976 4046 ,

225 4063 253 4136 6)
272 4067 298 4120 D
316 4089 352 4114 =
370 4068 481 4123 scholia
499 4067 620 4137 minora,
640 4069 709 4124 olim
728 4068 837 4123 scholia
850 4067 969 4139 Didymi
983 4067 1141 4136 nominata,
1160 4067 1289 4122 maxima

116 4175 133 4210 a
152 4156 330 4226 parte'edita
349 4157 384 4211 ab
404 4159 486 4214 Imm.
502 4158 616 4215 Belrker
635 4158 665 4212 in
684 4158 859 4213 scholiorum
879 4158 916 4212 ad
929 4158 1050 4212 Homeri
1069 4157 1190 4212 Iliadem
1209 4162 1289 4211 tomo

115 4244 219 4316 priore,
250 4246 325 4300 1825.
361 4277 392 4285 -
429 4254 579 4318 praeterea
606 4247 738 4304 adhibui:
776 4247 871 4302 Schr.
895 4247 910 4300 I
934 4272 971 4291 =
994 4245 1149 4317 Porphyrii
1179 4252 1289 4316 quaest.

116 4335 204 4390 Hom.
223 4334 260 4389 ad
285 4335 367 4392 Iliad.
388 4336 594 4408 pertinent-ium
615 4336 753 4409 reliquias
778 4337 841 4393 coll.
866 4335 938 4408 disp.
959 4335 1001 4392 ed.
1021 4336 1119 4390 Herm.
1141 4335 1289 4391 Schrader.

117 4423 194 4502 Lips.
216 4425 391 4488 1880.1882.
429 4427 523 4488 Schr.
542 4427 573 4487 II
591 4451 626 4480 =
644 4426 803 4506 Porphyrii
822 4432 875 4484 eto.
896 4426 933 4486 ad
957 4424 1009 4485 Od
1034 4431 1087 4480 eto.
1110 4424 1190 4504 Lips.
1211 4426 1289 4490 1890.
