3160 5118
557 401 776 482 ..39-

76 591 202 660 aliisve
218 593 446 682 philosophis:
470 596 595 662 rectius
616 596 741 682 Lysiae
757 575 923 662 recordati
941 617 1067 661 sumus.
1088 631 1126 642 -—
1150 592 1253 661 tertia

77 718 268 797 quartaque
292 712 437 778 Useneri
473 712 560 777 ratio
595 718 647 776 est
669 711 806 777 Aeliani
837 711 986 777 narratio
1008 720 1046 776 et
1068 702 1253 795 φιλόσοφος

76 827 166 892 illud
193 827 332 893 Suidae:
356 805 617 893 fundamentum
641 827 677 893 id
701 851 742 893 ex
766 850 832 913 quo
854 850 917 892 nec
937 827 1071 893 Zoilum
1095 827 1253 913 cynicum

78 943 290 1008 constituere
324 966 386 1008 neo
421 944 472 1023 (ut
495 943 695 1030 Spindlerus
730 965 762 1028 p.
790 944 830 1008 15
864 943 958 1020 fecit)
993 944 1094 1029 plane
1129 965 1254 1027 negare

76 1059 193 1124 liceat.
229 1059 400 1124 Usenerus
417 1058 549 1124 studuit
563 1059 737 1141 nonnulla,
754 1081 839 1144 quae
855 1059 893 1124 in
909 1059 1040 1144 cynicis
1056 1059 1143 1146 etin
1160 1059 1253 1125 Zoilo

79 1174 210 1239 similia
234 1175 313 1258 sint,
339 1197 455 1239 eruere
480 1175 540 1260 (ut,
566 1174 656 1260 quod
671 1176 821 1240 Homero
838 1196 975 1261 operam
991 1174 1159 1258 dederint,
1182 1176 1254 1240 Iso·

81 1296 213 1355 cratem
242 1291 395 1376 aggressi
423 1289 539 1374 sint;¹)
563 1290 624 1356 sed
646 1290 733 1356 nihil
761 1296 890 1356 certum
915 1297 976 1374 est,
1000 1290 1163 1356 nonnulla
1185 1313 1256 1357 non

81 1406 269 1490 quadrant:
293 1413 332 1472 ut
356 1407 469 1493 cynici
487 1407 629 1472 Homeri
653 1406 883 1489 admiratores,
908 1407 1026 1473 Zoilus
1049 1408 1257 1474 obtrectator

80 1527 167 1587 erat.
213 1521 406 1588 Dicendum
422 1528 515 1608 pute,
539 1522 627 1587 nihil
643 1545 814 1608 apparere,
840 1523 930 1608 quod
950 1523 1083 1588 Zoilum
1107 1523 1145 1589 in
1161 1525 1256 1610 cyni-

81 1659 199 1702 corum
236 1661 376 1704 numero
410 1639 534 1704 hebere
567 1644 671 1721 vetet,
707 1639 837 1703 nullum
874 1645 988 1704 autem
1022 1639 1257 1708 testimonium

81 1759 230 1838 exstare,
254 1775 319 1839 quc
342 1753 553 1840 philosophis
577 1754 708 1840 cynicis
732 1755 846 1821 Zoilus
871 1754 1093 1822 addiceretur.

450 1959 477 2038 f)
514 1958 560 2025 de
584 1959 689 2026 Zoili
713 1960 892 2046 scriptis.

193 2101 405 2167 Laudentur:

199 2219 227 2284 1.
252 2241 271 2282 a
294 2219 414 2285 Suida:
439 2212 517 2302 περὶ
540 2208 787 2303 Ἀμφιπόλεως.
835 2218 877 2283 de
892 2218 1004 2305 patria
1021 2218 1129 2304 igitur
1143 2221 1259 2286 Zoilus

82 2334 266 2420 scripsisse
289 2330 464 2416 videtur.²)
509 2336 703 2420 fragmenta
726 2356 794 2401 non
819 2342 963 2400 servata.

195 2451 226 2515 2.
262 2450 304 2516 ab
335 2451 454 2516 eodem
489 2450 608 2516 Suidu:
645 2442 775 2533 locucio
804 2440 875 2512 ἆττό
908 2443 1083 2531 θεογονίας
1111 2441 1173 2525 t'og
1201 2451 1261 2536 τῆς

86 2559 272 2628 Φιλίππου
294 2563 444 2651 τελευτῆς
466 2559 582 2647 βιβλία
606 2571 647 2647 y‘:
673 2589 716 2632 ne
740 2567 840 2632 huius
864 2565 1001 2653 quidem
1017 2567 1097 2634 libri
1113 2569 1261 2652 vestigia

83 2683 315 2770 reperiuntur.
323 2677 347 2761 8)
959 2669 961 2673 ¹

198 2799 228 2865 3.
262 2799 486 2865 eStrebone:
528 2792 684 2861 Τενεδίων
720 2789 892 2880 ἐγκώμιον.
938 2800 1105 2886 particula
1136 2800 1261 2888 pusilla

84 2915 180 3001 apud
204 2916 350 2980 eundem
373 2915 419 2996 (2)
443 2922 557 2981 restat.
604 2937 672 2981 non
696 2921 788 2981 certa
812 2922 864 2981 est
886 2912 1044 2998 Blassii⁴)
1074 2917 1260 2982 sententia:

85 3031 172 3114 ‚Das
196 3031 391 3096 Enhomion
426 3033 485 3096 auf
520 3031 576 3096 die
613 3031 782 3097 Tenedier
816 3054 887 3097 war
920 3032 1011 3098 wohl
1039 3033 1095 3098 ein
1126 3032 1261 3115 Schera,

83 3144 207 3210 indem
241 3169 278 3211 er
310 3146 382 3211 sich
405 3147 530 3231 gerade
559 3148 636 3212 eine
659 3148 756 3213 recht
779 3147 893 3213 hleine
916 3148 1009 3213 Insel
1032 3171 1109 3213 zum
1133 3148 1262 3213 Thema

83 3257 215 3328 nahm.‘
261 3262 365 3327 immo
393 3262 466 3327 iure
491 3263 654 3350 suspicari
678 3264 769 3347 licet,
798 3263 919 3329 seriam
943 3264 1050 3330 fuisse
1073 3264 1167 3329 illam
1190 3265 1261 3330 lau·

86 3378 279 3462 dationem
319 3385 416 3444 erant
455 3379 547 3444 enim
582 3379 728 3444 Tenedii
766 3379 957 3445 fidelissimi
995 3379 1261 3446 Atheniensium

86 3489 200 3574 socii⁵)
233 3501 268 3560 et
283 3517 418 3562 novem
447 3495 622 3560 mensibus
645 3501 725 3581 post
746 3517 897 3580 pugnam
921 3495 1195 3561 Chaeronensem
1218 3497 1260 3562 ab

85 3609 360 3677 Atheniensibus
395 3610 439 3675 oh
474 3611 577 3677 fidem
606 3617 774 3678 servatam
802 3611 938 3697 publice
961 3612 1117 3678 honorati
1141 3607 1261 3689 sunt.⁰)

200 3903 226 3973 1)
250 3905 536 3960 Isocr.Panath.18
564 3903 681 3974 cynicos
709 3902 850 3974 respicere
869 3903 1017 3960 Usenerus
1037 3902 1201 3959 existumat.
1228 3933 1261 3942 -

86 3992 117 4063 2)
128 3998 163 4048 ut
173 3993 315 4066 Nymphis
324 3995 498 4050 Heracleota
507 3998 571 4065 περὶ
581 3986 742 4064 Ἡρακλείας
749 3996 842 4061 βιβλία
851 3999 877 4063 γ’
888 3993 1002 4064 scripsit
1015 3999 1090 4048 teste
1100 3992 1189 4047 Suida
1203 4011 1225 4047 s.
1234 4001 1262 4048 v.

87 4083 117 4151 3)
139 4100 195 4153 qua
213 4082 249 4139 ds
266 4101 298 4139 re
317 4083 352 4138 cf.
375 4083 397 4138 G
409 4084 604 4139 Wachsmuth
623 4083 698 4138 nint
718 4082 746 4137 iu
764 4083 816 4138 das
827 4083 907 4137 Stud.
919 4083 969 4138 der
978 4084 1057 4138 alten
1069 4083 1171 4137 Gesch.
1183 4083 1262 4152 1895,

88 4191 116 4242 p.
138 4173 238 4240 497,1.
275 4173 320 4228 Th
332 4175 429 4243 Bergk
449 4173 510 4245 (Gr.
530 4173 600 4228 Litt.
621 4173 723 4229 Geech.
742 4173 785 4227 IV
799 4173 871 4241 352),
891 4172 1101 4227 Anaximenem
1120 4171 1167 4240 (cf.
1178 4190 1204 4243 p.
1216 4171 1262 4241 42)

90 4268 119 4316 et
138 4260 252 4317 Zoilum
279 4261 328 4317 hic
356 4263 495 4318 confundi
520 4261 639 4317 censuit.
670 4291 701 4300 -
730 4263 758 4330 4)
783 4262 802 4316 1.
822 4279 845 4315 c.
865 4261 965 4317 11346.
994 4292 1028 4300 —
1056 4262 1085 4329 ὅ)
1110 4260 1264 4316 ECurtius

90 4350 341 4408 Gr.Gesch.1116
368 4371 394 4424 p.
414 4352 474 4408 725.
502 4351 539 4406 ef.
558 4370 587 4422 p.
605 4351 665 4406 565.
685 4352 745 4406 660.
775 4380 806 4389 -
841 4350 869 4418 6)
900 4349 1095 4406 EOurtiusl.
1115 4350 1264 4406 1.Kohler

90 4440 166 4496 Bull.
185 4438 251 4498 dell'
269 4442 340 4497 Inet
361 4443 439 4511 1866,
458 4460 485 4513 p.
507 4441 558 4496 104
576 4458 637 4513 sqq.
