3160 5118
575 365 793 432 ...43-

80 542 226 610 iudicia
260 544 520 614 admirationem
555 567 622 610 non
651 546 799 610 movisse
822 551 904 630 puto
928 565 1038 629 neque
1062 543 1268 609 credendum

81 682 172 725 esse
197 667 408 748 posterorum
432 662 596 727 conviciis
620 668 655 727 et
677 661 878 726 maledictio.

204 777 335 845 Iudicio
358 785 512 844 veterum
535 778 668 843 Zoilum
692 777 933 843 condemnanti
960 777 1166 843 recentiores
1197 777 1267 862 ple·

81 915 239 978 rumque
263 893 510 959 assentiuntur:
535 894 678 959 Boileau
712 893 747 974 (l.
773 871 808 958 c}
824 916 855 980 p.
881 892 959 975 648)
995 915 1072 960 eum
1099 893 1267 958 nominat:

82 1009 242 1092 ,homme
265 1010 334 1075 fort
357 1008 550 1076 atrabilaire
574 1016 608 1074 at
632 1013 878 1074 extremement
900 1009 1021 1093 rempli
1045 1009 1086 1074 de'
1107 1010 1140 1074 la
1156 1009 1267 1074 bonne

82 1125 237 1210 opinion
278 1122 320 1191 de
359 1122 564 1192 lui-meme‘.
627 1125 756 1190 Hardio
795 1125 842 1210 (p.
881 1125 955 1204 185)
994 1123 1127 1190 Zoilum
1165 1125 1268 1190 talem

82 1241 268 1326 depingit:
300 1263 356 1326 ,un
379 1241 612 1327 misanthrope
635 1241 781 1306 lacheux
808 1246 842 1305 et
870 1240 1065 1322 insociable,
1093 1262 1140 1306 un
1164 1240 1268 1325 esprit

45 1389 54 1405 ·
82 1356 245 1421 mal-fait
267 1363 303 1423 et
324 1355 419 1442 plain
442 1356 483 1421 de
506 1362 647 1440 travers,
672 1379 720 1422 un
743 1356 894 1424 derivain
917 1378 996 1421 sans
1020 1356 1121 1442 genie
1138 1362 1173 1420 et
1188 1378 1267 1422 sans

85 1468 218 1557 goust.‘
275 1472 422 1538 Wolfius
456 1473 552 1558 (prol.
582 1470 625 1537 ad
653 1473 752 1538 Hom,
789 1495 822 1558 p.
853 1471 928 1554 192)
969 1478 1099 1556 censet,
1134 1471 1267 1537 Zoilum

83 1587 232 1654 iudiciis
255 1589 384 1654 rabiem
408 1588 579 1654 addidisse
587 1584 612 1667 1)
635 1592 822 1676 profectam
851 1589 892 1654 ab
921 1588 1105 1654 acerbitate
1134 1594 1168 1653 et
1191 1610 1267 1674 pra·

86 1704 206 1769 vitate
229 1704 344 1786 animi,
369 1705 433 1770 etsi
448 1705 537 1769 nihil
553 1713 688 1789 praeter
704 1712 832 1771 ceteros
847 1705 1051 1791 peccaverit.
1086 1704 1150 1770 hoc
1165 1709 1266 1788 recte,
1366 1761 1369 1766 Α

85 1819 181 1884 illud
205 1820 291 1885 falso
314 1820 460 1886 Wolfius
488 1821 668 1886 iudicavit:
704 1843 783 1887 nam
820 1820 909 1907 quod
944 1820 1073 1886 rabiem
1108 1819 1265 1906 appellat,

86 1935 221 2000 rectius
256 1957 332 2001 cum
366 1931 542 2016 Lehrsi02)
582 1937 672 2002 color
711 1937 900 2003 rhetoricus
939 1935 1167 2002 nominandus
1204 1941 1266 2017 est,

88 2050 252 2116 omnibus
276 2053 479 2138 fragmentis
502 2053 667 2119 Zoilianis
692 2054 888 2118 communis.
938 2051 1102 2118 Lehrsius
1125 2051 1264 2136 primus,

85 2172 131 2231 ut
157 2166 303 2250 videtur,
327 2169 460 2234 Zoilum
476 2168 564 2235 nihil
579 2170 701 2234 fecisse
717 2169 869 2235 ostendit
883 2169 951 2234 nisi
967 2169 1057 2255 qnod
1074 2166 1266 2232 rhetoribus

84 2282 321 2369 sophistisque
343 2284 436 2350 illius
460 2287 624 2371 temporis
649 2307 827 2350 commune
842 2280 950 2366 faiel)
974 2275 1153 2366 γυμνασίας
1173 2276 1265 2344 ἕνεκα

86 2399 228 2484 (Porph.
252 2399 295 2464 ad
318 2402 353 2461 K
373 2401 452 2480 274)
486 2402 638 2466 rhetores
666 2422 825 2485 perversa
853 2405 1055 2485 argumenta
1083 2405 1117 2464 et
1144 2421 1198 2464 res
1222 2398 1264 2463 ab

86 2515 248 2581 omnibus
283 2517 502 2603 reprehensas
538 2517 721 2601 eligebant,
759 2523 798 2581 ut
832 2517 875 2581 iis
913 2515 1060 2581 laudatis
1099 2516 1264 2580 sermonis

88 2631 297 2717 elegantiam
320 2633 551 2720 orationisque
566 2634 638 2700 vim
658 2639 902 2715 monstrarent,
928 2638 962 2696 et
977 2653 1032 2696 res
1048 2632 1090 2697 ab
1106 2631 1262 2714 omnibus

86 2746 244 2812 laudatas
271 2746 560 2837 vituperabant4);
596 2757 635 2816 ut
657 2751 854 2836 Polycrates
879 2748 1052 2814 Socratem
1080 2748 1261 2814 accusavit.

86 2864 204 2929 Zoilus
221 2864 469 2951 Polyphemum
492 2865 655 2950 laudavit,
678 2868 876 2952 Polycrates
892 2864 1053 2949 Busirim,
1077 2864 1135 2929 alii
1159 2865 1262 2930 Hele-

87 3001 181 3063 nam,
204 2980 264 3045 alii
287 2980 495 3048 Thersitam:
523 2983 639 3068 itaque
661 2988 753 3047 recte
777 2981 997 3047 Philodemus
1021 2978 1092 3064 (40)
1115 2981 1205 3046 Zoili
1228 2986 1263 3046 et

85 3095 281 3181 Polycratis
305 3096 518 3163 laudationes
542 3098 730 3183 coniungit,
787 3097 903 3163 Zoilus
932 3120 973 3162 ex
1001 3096 1162 3183 sophistis
1186 3095 1267 3162 rhe-'

87 3211 208 3277 'soricis
232 3218 294 3296 est,
330 3213 389 3298 qui
415 3205 512 3292 μόνοι
541 3209 624 3298 φασὶ
652 3213 722 3275 πᾶν
746 3203 830 3288 ὅλως
853 3211 992 3299 πρᾶγμα
1016 3204 1153 3291 δύναμιν
1180 3203 1263 3289 ilceto

87 3321 240 3389 ἐπαινεῖν
262 3322 319 3388 καὶ
347 3323 499 3412 ψέγεινῧ)
556 3331 764 3416 Polycrates,
798 3331 886 3397 Zoili
910 3329 1082 3414 magister,
1111 3326 1262 3393 Busirim

89 3444 465 3530 Clytaemnestramque
480 3445 643 3530 laudavit,
666 3447 840 3512 accusavit
855 3446 1043 3527 Socratem3
1069 3444 1128 3508 sed
1144 3434 1262 3518 ἔπαιζε

89 3548 106 3620 ὃ
132 3552 358 3644 Πολυκράτης,
384 3550 442 3621 οὐκ
464 3553 652 3624 ἐσπούδασε
679 3555 736 3622 καὶ
761 3551 859 3635 αὐτὸς
886 3561 945 3646 τῆς
973 3559 1100 3644 γραφῆς
1124 3548 1141 3620 ὃ
1166 3547 1262 3650 ὅνασς

89 3667 248 3756 παίγνιόν
271 3670 341 3736 ἐστι
369 3676 533 3758 (Demetr.
558 3699 596 3738 π.
621 3669 728 3762 ἓρμην.
755 3675 832 3758 120)
867 3683 902 3742 et
936 3670 1113 3762 ‚equidem‘
1150 3674 1263 3759 inquit

89 3791 322 3870 Quintilianus
346 3794 392 3872 (Il
417 3795 469 3878 17,
492 3793 526 3870 4)
555 3793 650 3877 ,illos,
676 3795 734 3878 qui
759 3799 876 3858 contra
899 3793 1170 3879 disputaverunt,
1193 3812 1262 3856 non

87 3913 160 3973 tam
198 3907 235 3973 id
273 3909 429 3993 sensisse,
468 3908 558 3994 quod
597 3909 759 3992 dicerent,
798 3931 898 3994 quam
938 3931 1092 3974 exercere
1121 3908 1261 3993 ingenia

195 4207 223 4279 1)
251 4209 321 4264 itam
349 4209 384 4264 de
411 4209 492 4264 Zoilo
519 4209 658 4265 iudicavit
684 4210 777 4265 Lauer
798 4211 816 4265 l.
836 4229 858 4264 c.
878 4229 903 4281 p.
924 4209 960 4264 38
978 4228 1018 4282 sq.
1048 4241 1082 4248 -
1110 4208 1138 4278 2)
1167 4207 1256 4264 Arist.

85 4318 111 4370 p.
131 4300 193 4354 202.
213 4329 244 4337 -
264 4299 292 4367 3)
312 4298 347 4355 cf.
367 4298 499 4368 inprimis
517 4319 544 4369 p.
564 4301 624 4364 204,
643 4301 678 4355 N.
700 4301 758 4356 126.
780 4330 811 4339 -
831 4299 859 4369 4)
878 4301 915 4355 cf.
934 4300 1029 4356 Lauer
1047 4300 1065 4353 l.
1074 4318 1097 4354 c.
1111 4318 1137 4371 p.
1149 4300 1183 4352 36
1194 4317 1254 4372 sqq.

91 4387 119 4458 5)
138 4387 303 4472 Philodami
321 4389 395 4446 rhet.
415 4390 467 4446 col.
487 4390 560 4458 34,l
580 4389 622 4445 ed.
643 4390 726 4450 cros.
