3160 5118
548 394 766 475 ..Ῑᾷ-

57 576 262 673 χειρήκεσαν
281 577 405 648 Ἰλιάδα
421 578 719 672 ἑπεξεργοίσασθαι,
745 576 851 662 οὗτλεῖς
868 581 904 648 δὲ
920 575 1036 663 αὐτῶν,
1062 575 1107 660 ὡς
1123 575 1168 672 μη
1185 573 1244 672 τῆς

61 703 136 764 τιῦν
160 699 239 764 νέων
263 693 424 788 ὠφελείας
448 692 542 782 οἶμαι
566 699 805 788 πεφροντικώς,
833 697 939 784 βίβλιο
962 702 1026 781 μιᾶ
1048 695 1107 788 τὴν
1129 701 1244 763 πᾶσαν

61 810 222 905 ἐξήγησιν
245 811 451 894 συνετάξατο.
498 809 604 881 ἆλλόὶ
628 815 688 900 μὲν
703 809 819 905 αὐτῶν,
845 808 889 894 ὡς
913 809 930 880 ὁ
952 808 1164 902 Ἀρίσταρχος
1186 811 1244 879 καὶ

64 927 99 996 οἳ
129 925 188 996 σον
211 924 311 1017 αὐτῷ,
335 935 401 996 τιῦν
424 927 541 1009 λέξειίν
563 956 598 997 τε
626 930 684 996 καί
713 927 866 1020 ἱστοριῶν
889 928 1158 1020 πεφροντίκεσαν,
1187 930 1244 996 καί

62 1050 129 1136 τῆς
153 1051 219 1112 τιῦν
241 1041 379 1136 ἀπόρων
401 1044 522 1126 λύσεως
545 1045 661 1136 ἕτεροι,
685 1043 843 1136 καθάπερ
868 1041 885 1113 ὁ
910 1042 1115 1136 Πορφύριος·
1140 1043 1244 1133 ἕτεροι

63 1161 117 1244 δὲ,
143 1156 189 1241 ὡς
212 1157 230 1228 ὃ
251 1156 501 1253 Ἀμφιπολίτης
524 1162 661 1243 Ζωίλος,
689 1157 858 1252 ὠφέλιμον
872 1162 932 1247 μὲν
950 1159 1042 1230 οὐδὲν
1058 1157 1243 1252 πεποιήκε-

64 1301 144 1361 σαν,
170 1275 442 1369 καθολακτήκασι
468 1278 503 1344 δὲ
525 1275 633 1369 μα’την
655 1283 714 1345 τοῦ
730 1283 885 1369 ποιητοῦ,
912 1275 986 1344 τινα
1002 1283 1060 1368 τῆς
1076 1274 1245 1368 ποιήσεως

62 1393 328 1485 μοκτηρίσαντές
350 1421 386 1466 τε
409 1395 466 1462 καί
490 1391 701 1486 διασύροντες
718 1420 725 1434 ·
740 1388 839 1488 ἄλλοι
864 1395 900 1461 δὲ
923 1396 993 1466 κτλ.

639 1608 682 1670 22

181 1749 343 1816 Scholia
365 1749 390 1815 J
396 1770 425 1815 0.
451 1749 624 1814 Tzetzae
648 1749 691 1815 cd
716 1771 809 1834 exeg.
834 1749 871 1814 in
894 1750 940 1816 Jl.
965 1773 997 1835 p.
1017 1750 1148 1834 125‚22
1172 1771 1245 1834 sqq.

66 1865 124 1931 cd.
153 1865 195 1930 G.
219 1866 352 1930 Herm.:
374 1854 415 1926 ‘0
431 1859 559 1938 Ζωΐλος
584 1847 681 1939 οὗτος
704 1859 793 1926 ἐστίν
817 1855 834 1926 ὁ
855 1855 1105 1951 (Ομηρομοίστιξ
1125 1856 1245 1926 καλοί-

63 2001 179 2061 μενος,
211 1973 267 2041 ὄιοὶ
291 1973 329 2041 τὸ
359 1973 471 2041 πολλὰ
496 1977 713 2064 διαίσιλλοῦν)
725 1977 752 2063 1)
786 1981 851 2042 τῶν
870 1971 1038 2067 (Ομηρίιον
1061 1976 1161 2042 ἒπιῦν.
1208 1963 1248 2066 ην

64 2092 106 2158 δὲ
129 2087 281 2180 ΙΞ·’γηρονος
308 2085 536 2180 Ἀ(λε)ξα’νόρηι
560 2096 608 2178 τῷ
632 2090 815 2174 Μακεδόνι,
844 2087 935 2172 ὅστις
955 2087 1167 2183 Ἀλέξανδρος
1190 2092 1246 2158 καί

67 2205 111 2273 τό
137 2202 215 2274 καθ’
240 2196 385 2298 Ὁμήρου
409 2212 467 2273 τοῦ
483 2207 613 2275 Ζωΐλου
636 2204 754 2274 τοιίτοο
777 2207 907 2293 βιβλίον
923 2213 1086 2292 ποταμῶν
1102 2204 1243 2297 περασιί-

65 2349 171 2408 μενος
194 2323 250 2390 καί
273 2320 348 2390 τότε
371 2321 465 2411 παρὰ
489 2323 619 2390 Ζωΐλον
642 2329 739 2390 τοῦτο
756 2321 866 2409 λαβών
882 2318 1177 2415 εὗχ(αρι)στήσας2)
1202 2319 1247 2403 ὡς

67 2441 105 2505 ὲν
129 2444 323 2529 προσφοριῦ·
337 2438 447 2524 λαβών
474 2444 522 2504 τοῦ
549 2445 679 2527 καιρλιῦ)
715 2439 771 2506 καί
800 2437 1021 2528 κοίθαρτρονθ)
1057 2437 1172 2522 εἰπών,
1208 2437 1247 2507 σι)

66 2549 151 2623 καθ’
175 2550 320 2646 Ὅμηρον
344 2553 505 2646 potinum)
522 2558 656 2640 τολμᾶς,
681 2561 728 2621 τῶ
744 2561 889 2638 ποταμοί
904 2552 1166 2639 κατεπόντωσε4)
1190 2556 1248 2622 καί

69 2667 89 2738 ὁ
115 2671 176 2756 μὲν
199 2669 398 2762 Σικελιώτης
422 2669 625 2760 Διόδιοροςὸ)
650 2669 707 2738 τον
730 2672 859 2739 Ζωΐλον
881 2677 997 2740 τοῦτον
1021 2667 1115 2738 οὐδὲν
1137 2671 1246 2759 ἕτερον

69 2785 121 2853 ἔτι
147 2787 342 2877 γεγραφέναι
365 2787 466 2877 φησίν
483 2781 504 2878 ἢ
519 2785 578 2878 την
593 2783 671 2854 καθ’
687 2783 842 2878 Ὁμήρου,
868 2781 907 2879 ἣν
923 2785 1069 2872 εἴπομεν,
1087 2785 1246 2871 σύνταξιν,

67 2898 181 2994 ἧσπερ
215 2900 256 2968 τοὶ
286 2900 465 2993 πρόσφορα
494 2904 527 2968 ἕν
557 2909 628 2983 τοῖς
657 2902 793 2984 οἰκείοις
821 2901 944 2984 τόποις
973 2901 1189 2995 ῥηθ(η’σεται),
1216 2901 1246 2970 ολ

69 3020 108 3086 δὲ
132 3024 204 3099 τοῖς
227 3015 414 3104 εὖδοκίμοις
437 3023 553 3086 τοῦτον
575 3018 788 3087 σοντόιττοοσι
813 3017 973 3110 ῥήτορσιν.

582 3233 739 3296 23-40

182 3373 377 3458 Sequuntur
392 3374 589 3438 testimonia
602 3374 742 3439 incertis
758 3374 966 3459 temporibus
980 3375 1081 3458 edite,
1098 3374 1246 3440 vitarum

73 3491 277 3554 Aratcarum
315 3490 390 3574 loci,
431 3488 585 3554 scholion
619 3491 845 3574 Platonicum,
884 3490 1013 3556 scholia
1048 3490 1244 3574 Homericu3

73 3604 197 3691 quibus
220 3605 395 3670 Eustathii
424 3606 661 3672 annotationes
690 3606 849 3690 inseram,
885 3607 1045 3691 quoniam
1074 3629 1188 3671 eorum
1212 3612 1246 3671 et

73 3720 277 3786 scholiorum
301 3726 500 3806 argumenta
527 3723 583 3786 vel
608 3722 726 3786 eadem
748 3723 805 3788 vel
829 3723 1003 3788 simillima
1026 3746 1099 3787 esse
1124 3723 1244 3787 solent.

72 3908 288 3916 -—-————..........

183 4073 211 4144 1)
229 4075 272 4130 ita
291 4074 421 4146 equidem
442 4075 582 4148 supplevi.
600 4071 734 4147 ιλιασὺραι
753 4077 958 4136 Bochmannus
976 4077 1066 4132 schol.
1085 4078 1154 4150 Lps.
1169 4079 1246 4144 1835,

75 4183 102 4234 p.
121 4165 183 4220 825.
204 4196 234 4204 —
255 4162 283 4234 2)
303 4164 345 4220 ita
364 4183 417 4236 ego
437 4165 576 4237 supplevi,
603 4158 684 4235 εὐχὴν
702 4160 803 4233 στήσας
821 4166 990 4221 Bachmann
1014 4168 1033 4221 l.
1053 4185 1075 4221 c.
1097 4197 1128 4206 —
1157 4166 1185 4237 3)
1204 4167 1247 4221 ita

77 4253 283 4308 GHermann.
320 4249 477 4326 [κατάρατε]
506 4256 683 4310 Bachmann.
718 4285 747 4294 -
784 4256 811 4321 4)
840 4255 935 4310 simile
963 4257 998 4311 de
1023 4256 1189 4312 Alexandro
1217 4263 1247 4312 et

75 4342 244 4398 Aristobulo
263 4350 363 4398 narrat
381 4343 528 4399 Lucienus
546 4363 641 4416 quom.
661 4343 727 4399 hist.
747 4344 785 4399 sit
804 4361 896 4400 conso.
918 4346 959 4400 12.
980 4373 1014 4382 -
1033 4343 1061 4415 5)
1081 4346 1117 4402 cf.
1137 4345 1247 4401 Diodor

77 4434 119 4488 ed.
140 4432 303 4502 GMueller,
323 4434 408 4506 srgm.
428 4436 483 4488 inc.
502 4434 586 4502 sedis
605 4434 662 4489 vol.
682 4435 783 4488 11582.
