3160 5118
336 633 374 642 —
401 594 547 683 denique
570 597 607 662 in
631 620 766 664 suarum
795 599 946 686 ipsorum
974 599 1204 666 doctrinarum
1231 623 1330 666 usum
1354 587 1506 668 omnium

334 735 497 798 generum
525 714 717 800 philosophi
744 715 931 781 Homerum
968 716 1184 804 interpretati
1219 723 1308 801 sunt,
1345 717 1505 803 quoniam

335 830 391 895 hic
407 830 550 896 Horatio
558 824 583 911 ¹)
600 836 688 895 teste
704 831 797 916 ,quid
813 831 859 896 sit
874 831 1062 917 pulchrum,
1080 832 1162 918 quid
1180 840 1291 921 turpe,
1307 833 1389 919 quid
1405 834 1502 915 utile,
1556 869 1557 892 ι

334 946 415 1030 quid
444 967 513 1011 non
540 946 680 1012 Planius
708 970 747 1012 ac
774 947 895 1012 melius
924 947 1118 1035 Chrysippo
1146 955 1180 1014 et
1209 949 1373 1014 Crantore
1397 946 1503 1013 dicit‘
1556 961 1557 966 ’

334 1084 400 1148 qua
424 1061 465 1126 de
488 1084 525 1126 re
549 1084 616 1127 non
640 1063 726 1128 falso
749 1062 917 1129 iudicavit
939 1063 1068 1130 Seneca
1093 1087 1144 1151 ep.
1168 1066 1223 1148 88,
1248 1066 1284 1130 5:
1314 1064 1392 1149 ,nisi
1414 1066 1504 1129 torte

333 1178 399 1243 tibi
433 1178 619 1244 Homerum
658 1178 896 1263 philosophum
935 1179 1042 1245 fuisse
1080 1179 1299 1266 persuadent,
1339 1203 1415 1246 cum
1448 1180 1504 1244 his

332 1295 427 1382 ipsis,
464 1294 586 1379 quibus
610 1293 785 1377 colligunt,
821 1299 963 1379 negent:
999 1317 1079 1360 nam
1108 1295 1208 1361 modo
1233 1295 1384 1361 Stoicum
1408 1296 1504 1360 illum
1557 1303 1558 1388 l

332 1412 475 1489 iaciunt,
490 1410 654 1474 virtutem
670 1410 775 1475 solam
790 1410 988 1495 probantem
1006 1417 1041 1476 et
1057 1412 1249 1497 voluptates
1271 1411 1502 1497 refugientem

333 1534 368 1592 et
391 1527 431 1592 ab
455 1527 598 1592 honesto
621 1548 664 1591 ne
688 1526 954 1592 immortalitatis
982 1526 1120 1611 quidem
1143 1528 1253 1610 pretio
1276 1528 1502 1609 recedentem,

333 1642 431 1709 modo
465 1643 682 1728 Epicureum,
718 1641 912 1707 laudantem
947 1649 1073 1708 statum
1109 1643 1243 1729 quietae
1282 1643 1433 1709 civitatis
1470 1649 1504 1706 et
1558 1640 1559 1732 l

333 1760 423 1825 inter
457 1758 615 1824 convivia
649 1763 835 1844 cantusque
869 1758 978 1824 vitam
1013 1758 1191 1844 exigentis,
1229 1759 1329 1842 modo
1364 1759 1502 1844 Peripa·
1558 1743 1559 1760 ¹

332 1877 484 1960 tetieum,
520 1875 685 1941 bonorum
709 1896 834 1959 genera
861 1873 1090 1959 inducentem,
1125 1874 1225 1939 modo
1248 1874 1499 1956 Academicum,

331 1993 446 2058 omnia
469 1991 598 2057 incerta
622 1990 806 2056 dicentem:
842 1991 983 2076 adparet
1017 1990 1103 2056 nihil
1132 1990 1251 2056 horum
1275 2013 1348 2055 esse
1371 1990 1408 2055 in
1432 1990 1500 2072 illc,

330 2110 386 2174 cui
409 2109 522 2173 omnia
543 2108 672 2172 insunt.
718 2106 785 2170 ista
809 2106 900 2171 enim
924 2107 1015 2171 inter
1038 2129 1074 2172 se
1098 2103 1288 2172 dissident‘

438 2224 539 2289 Haud
562 2245 683 2313 pauca,
697 2221 797 2287 huius
826 2223 1118 2307 interpretationis
1142 2223 1343 2308 allegoricae
1368 2222 1501 2288 residua
1559 2259 1560 2306 ρ

331 2341 367 2405 in
392 2340 529 2406 scholiis
552 2346 690 2406 restant.
738 2345 773 2404 at
801 2339 885 2404 haec
913 2361 983 2404 non
1006 2339 1044 2403 in
1067 2340 1300 2423 quaestionem
1323 2346 1499 2420 vocantur3

331 2456 504 2542 quaeritur
540 2456 581 2520 de
617 2455 819 2522 adversariis
843 2454 1066 2542 philosophis,
1102 2477 1186 2539 quos
1210 2456 1436 2540 allegoristae,
1465 2462 1502 2519 ut

331 2575 380 2639 ita
404 2573 526 2658 dicam,
550 2571 834 2659 explicationibus
863 2572 933 2637 suis
956 2572 1124 2636 refelllere
1148 2571 1335 2637 studerent.
1384 2594 1424 2635 ex
1450 2571 1501 2636 his

333 2691 476 2757 Homeri
500 2686 804 2755 obtrectationibus
828 2687 1039 2774 philosophis
1063 2710 1149 2773 quae
1173 2688 1209 2752 in
1233 2687 1370 2753 scholiis
1386 2687 1502 2752 Iliadis
1560 2717 1561 2762 ι

330 2807 511 2894 supersint,
535 2805 591 2871 hic
616 2826 824 2890 componam.
1219 2826 1223 2837 ·

437 2923 488 2989 Ac
522 2922 671 3009 primum
705 2921 747 2986 ab
782 2920 955 2986 Heraclito
991 2920 1149 3006 Ephesio,
1185 2919 1328 2984 Homeri
1363 2941 1499 2985 censore

331 3034 591 3122 celeberrim0,‘“')
614 3037 700 3102 illud
715 3035 875 3102 Achillis:
901 3026 945 3110 ὡς
969 3027 1036 3120 ἔρις
1059 3027 1095 3096 ib
1118 3056 1153 3096 ιε
1170 3035 1261 3096 θεῶν
1277 3027 1313 3096 ἔκ
1328 3025 1354 3096 ι’
1375 3024 1500 3118 ἀνθρώ-

333 3178 409 3217 πιον
444 3145 611 3216 ἀπόλοιτο
644 3154 686 3233 (Σ
708 3152 784 3235 107)
819 3153 1007 3238 vituperari
1041 3152 1209 3218 videmus:
1223 3149 1248 3232 ³)
1291 3140 1502 3234 Ἡράκλειτος

331 3265 477 3358 τὴντῶν
501 3260 603 3332 ὄντων
631 3261 731 3354 φύσιν
758 3258 828 3330 κατ’
861 3260 928 3352 ἔριν
956 3260 1145 3330 συνιστάναι
1173 3259 1314 3346 νομίζων
1335 3261 1499 3348 μέμφεοοιι

325 3379 480 3474 Ὅμηρον,
517 3377 669 3469 σύγχυσιν
702 3377 828 3464 κόσμου
863 3381 969 3446 δοκῶν
1004 3374 1102 3445 αὐτὸν
1136 3373 1303 3462 εὔχεσθαι.
1354 3375 1443 3468 πρὸς
1466 3369 1499 3442 ὃν

332 3494 371 3566 dv
394 3525 444 3578 τις
468 3495 572 3580 εἴποι,
602 3492 654 3564 ὅτι
684 3491 720 3563 οὗ
745 3496 830 3584 λέγει
854 3501 908 3562 νῦν
935 3492 994 3585 ιὴν
1017 3493 1206 3561 ἐναντίωσιν
1229 3491 1305 3584 ἔριν,
1336 3488 1421 3560 ἀλλὰ
1447 3491 1525 3583 τὴν,

331 3614 453 3706 ἐᾷθρον
475 3617 544 3682 κτλ.
592 3621 634 3703 A,
671 3619 795 3684 similia
830 3618 866 3684 in
901 3618 940 3683 T.
988 3616 1169 3682 dilucidius
1203 3616 1295 3682 idem
1331 3638 1373 3681 ex
1407 3615 1499 3682 libris

331 3732 410 3822 περὶ
434 3729 563 3822 φύσεως
585 3742 779 3823 promptum
796 3735 832 3799 in
849 3734 991 3800 Aristot.
1009 3733 1089 3798 Eth.
1106 3731 1193 3798 Eud.
1230 3732 1310 3812 (VII
1325 3734 1354 3815 l,
1367 3753 1401 3818 p.
1418 3731 1499 3798 1235

331 3878 351 3920 a
374 3852 431 3936 26)
455 3861 517 3938 est,
541 3876 641 3939 quem
664 3854 774 3918 locum
799 3852 961 3935 Bywater
976 3850 1093 3915 laudat
1115 3856 1154 3914 ut
1170 3848 1337 3914 Heracliti
1359 3849 1427 3933 frg.
1445 3848 1497 3912 43:

330 4061 543 4068 —-.-——-——---—-

437 4182 465 4252 1)
484 4201 526 4253 ep.
546 4183 598 4251 12,
612 4181 643 4252 33
670 4180 807 4235 laudatur
829 4199 847 4234 a
874 4180 954 4234 Luca
982 4176 1145 4248 Holstenio,
1174 4177 1209 4232 de
1237 4177 1299 4232 vita
1329 4183 1358 4232 et
1386 4174 1497 4248 scriptis

329 4272 493 4343 Porphyrii,
515 4272 591 4343 1655,
621 4289 643 4324 c.
664 4269 744 4339 VIII,
770 4289 797 4341 p.
816 4269 860 4324 44.
888 4300 919 4308 -
950 4269 977 4336 2)
1006 4267 1041 4324 cf.
1061 4266 1290 4338 MSengebusch
1319 4266 1387 4322 diss.
1416 4267 1496 4322 Hom.

329 4364 473 4434 Irassqq.
496 4361 527 4400 ’-
547 4361 576 4427 3)
595 4366 629 4415 ut
646 4358 694 4414 hic
713 4359 828 4430 saepius
848 4359 1023 4414 scholiorum
1042 4359 1181 4414 lemmata
1194 4355 1286 4425 omisi,
1307 4374 1381 4426 quae
1394 4355 1497 4412 nullius

329 4452 469 4508 momenti
487 4457 630 4524 putarem.
