3160 5118
554 411 771 495 ..332

87 608 189 695 phuae
222 607 375 676 nondum
414 607 662 690 corroboratae,
703 606 764 672 hos
804 629 937 693 quoque
974 606 1129 673 homines
1168 625 1248 673 vere

88 725 314 809 grammaticos
336 723 486 790 noudum
511 747 530 788 a
553 723 680 789 iudicio
704 723 790 808 quod
810 746 872 789 uos
888 746 1047 789 vocamus
1063 724 1248 805 oesthetico

88 839 162 905 adeo
184 840 362 906 abhorrere
391 847 430 905 ut
452 840 691 925 grammaticos
720 861 854 906 severos
879 839 986 905 decet.
1033 839 1147 925 itaque
1170 839 1249 906 huic

88 956 339 1022 obtrectatorum
363 955 491 1041 generi,
529 955 619 1040 quod
648 977 668 1020 a
696 954 923 1041 sophistarum
948 954 1249 1022 deliberationibus

88 1079 184 1138 artem
207 1072 349 1138 Homeri
376 1071 609 1158 prementibus
640 1071 778 1137 initium
813 1072 927 1155 faciat,
963 1070 1180 1136 Aristarchus
1215 1077 1250 1135 et

88 1189 152 1274 ipse
173 1187 449 1273 Aristarcheique
473 1186 654 1252 addicendi
678 1193 767 1253 sunt.
1268 1170 1273 1180 ’

183 1303 234 1369 Ac
269 1304 416 1390 primum
452 1303 691 1389 comperimus,
731 1325 816 1389 quae
855 1303 1058 1368 accuratius
1083 1325 1250 1390 perpensa

87 1420 219 1485 ridicula
241 1419 441 1486 viderentur
464 1441 616 1505 quaeque
639 1419 727 1485 Zoili
750 1425 920 1503 notarent,
956 1417 1154 1484 Aristarcho
1178 1441 1249 1484 sae·

87 1536 155 1620 pius
187 1537 278 1602 inter
311 1535 516 1601 athetesium
552 1557 668 1601 causas
703 1535 819 1620 fuisse,
855 1557 1059 1621 quamquam
1087 1557 1157 1601 non
1181 1536 1251 1600 sola

85 1652 171 1716 litem
195 1650 439 1718 diiudicabaut.
493 1674 535 1716 ex
563 1652 727 1737 exemplis
755 1652 796 1717 ab
820 1651 1014 1716 Aristonico
1039 1659 1074 1716 et
1097 1650 1249 1737 Didymo

86 1769 219 1834 servatis
243 1767 326 1834 haec
350 1768 465 1833 laudo:
490 1767 590 1833 schol.
600 1763 624 1849 1)
648 1769 762 1833 Zilil.
804 1769 844 1827 Η
854 1768 927 1833 195.
968 1767 1249 1853 6118111115.

87 1879 192 1949 Ξ376.
232 1884 350 1949 Τ365.
385 1885 508 1950 Χ329.
546 1881 743 1950 1125614.
799 1907 841 1948 ex
875 1883 934 1968 iis,
966 1905 1050 1969 quae
1079 1883 1249 1969 quianon

87 2008 150 2064 arte
185 1999 324 2066 Homeri
356 2000 461 2086 digna
496 2006 698 2086 putarentur
732 2000 829 2066 obelo
865 2005 983 2065 notuta
1018 2008 1111 2083 sunt,
1149 1999 1249 2065 laudo

86 2114 225 2182 Ariston.
261 2116 304 2181 ad
327 2118 368 2176 A
382 2117 457 2181 365.
490 2117 523 2177 A
537 2117 580 2180 55
602 2139 650 2202 sq.
687 2115 932 2197 (defenduntur
966 2117 1002 2181 in
1031 2113 1083 2196 Τ).
1128 2115 1248 2181 Θ108.

86 2231 153 2296 235.
180 2234 246 2297 420
285 2231 411 2311 (ΛΤΒ).
447 2235 481 2292 Κ
494 2234 548 2299 84.
586 2234 615 2294 Ρ
630 2233 703 2298 172.
763 2232 950 2298 notandum
989 2232 1146 2318 inprimis
1185 2232 1249 2299 hoc

87 2348 257 2413 scholium:
280 2341 442 2427 μεμείωκε
464 2338 524 2432 τὴν
547 2340 691 2432 ἔμφασιν
713 2342 771 2408 καὶ
793 2341 836 2408 sd
859 2347 998 2409 τοιαῦτα
1022 2338 1141 2409 εἴωθεν
1165 2337 1248 2410 ἀθε-

87 2462 146 2522 τεῖν
171 2453 188 2525 ὃ
209 2453 421 2549 Ἀρίσταρχος
454 2462 500 2548 (A
529 2464 571 2530 ad
597 2465 722 2543 Ρ172).
730 2459 755 2543 2)
790 2465 846 2529 hic
874 2486 1007 2549 quoque
1035 2465 1251 2549 cognoscitur

86 2581 313 2662 grammaticos
336 2580 372 2645 id
397 2587 565 2667 spectasse
594 2582 751 2668 inprimis
780 2603 857 2646 eum
881 2582 1068 2646 Homerum
1092 2580 1249 2645 emenda·

86 2702 163 2780 rent,
188 2702 236 2780 ,ut
259 2695 462 2781 dignissima
485 2696 621 2762 demum
645 2697 796 2762 numinis
821 2696 940 2762 afflatu
963 2692 1209 2784 proferetur‘.⁸)

182 2811 316 2878 Deinde
350 2812 507 2878 videmus
542 2813 741 2879 Aristarcho
776 2835 1021 2900 nonuunquam
1046 2813 1248 2899 epithetum,

85 2947 152 2991 cum
187 2917 331 3011 ἀκαίρως
365 2930 513 3014 positum
548 2929 731 3013 videretur,
767 2930 804 2994 in
828 2929 937 2995 causis
960 2929 1067 2994 fuisse
1090 2951 1249 2996 versuum

83 3043 370 3112 removendorum:
389 3047 419 3106 Γ
429 3047 494 3110 352
511 3035 683 3106 doersum
703 3034 754 3106 ὅτι
768 3033 827 3106 oia
844 3035 1029 3126 ἀναγκαίως
1041 3039 1247 3126 ἐπιλέγεται·

82 3153 132 3218 καί
155 3152 214 3244 γάρ
240 3149 257 3221 ὃ
280 3153 395 3243 καιρὸς
418 3153 457 3221 τὸ
482 3153 642 3240 σύντομον
665 3153 748 3238 ἔχειν
771 3155 875 3222 θέλει.
920 3155 978 3222 καὶ
1007 3157 1079 3222 δῖον
1102 3151 1249 3242 ἀκαίρως

83 3263 96 3333 i
132 3272 300 3351 Μενέλαος
335 3269 392 3338 τὸν
427 3270 548 3361 ἐχθρὸν
581 3272 677 3358 λέγει.
737 3277 950 3342 Aristonicus
986 3278 1023 3342 in
1056 3276 1099 3342 A.
1135 3278 1245 3343 ζ11581

82 3389 262 3470 (Menelaus
296 3392 401 3459 iratus
437 3392 661 3458 Antilochum
697 3393 880 3478 alloquitur
906 3382 1064 3470 Ἀνιίλοχ’
1084 3445 1091 3458 .
1111 3444 1145 3460 ,.
1175 3390 1247 3455 δια-

83 3503 203 3592 ίρεφές)
231 3497 409 3572 ,dorcam
446 3498 497 3569 ὅτι
533 3498 677 3593 ἀκαίρως
712 3501 796 3590 λέγει
825 3503 1004 3593 διοτρεφές,
1041 3499 1247 3593 ὀργιζόμενος

108 3612 115 3635 1
150 3623 164 3637 νυ
426 3615 436 3638 (
493 3619 500 3641 t
571 3618 578 3641 1
792 3616 800 3639 Ι
861 3613 878 3638 >i
1055 3619 1062 3642 Ι
1210 3619 1217 3642 Ι

83 3641 173 3705 ceap.
212 3623 260 3708 A;
285 3626 328 3690 cf.
352 3626 395 3690 T:
421 3645 438 3685 o
464 3621 499 3685 ds
523 3643 634 3702 στιχος
657 3643 830 3706 περισσος·
856 3621 952 3686 αλλοι
977 3644 1060 3710 φασι
1085 3627 1246 3702 ,sonaci

83 3733 245 3824 Na'oropu‘.
295 3730 364 3802 ἀλλ’
396 3731 433 3802 οὗ
462 3736 586 3826 πρέπει
615 3741 663 3823 τῷ
697 3733 928 3826 φλεγμαίνοντι
959 3742 1149 3804 θωπεῦσαι.
1206 3765 1248 3807 ex

82 3854 185 3937 priore
209 3857 283 3922 loco
306 3859 542 3943 cognoscimus
566 3857 757 3943 epithetum
780 3880 914 3923 causam
943 3859 1058 3943 fuisse,
1095 3859 1247 3925 sednon

82 3970 181 4036 solam
203 3973 382 4038 athetesis:
406 3973 496 4040 unde
519 3974 698 4060 posteriori
722 3997 855 4060 quoque
875 3975 948 4040 loco
965 3976 1152 4062 complures
1169 3995 1247 4040 eau-

82 4107 131 4150 sas
153 4087 284 4155 additas
308 4089 414 4155 fuisse
443 4089 484 4155 ab
507 4089 704 4156 Aristonico
733 4091 854 4157 aliisve
883 4092 1007 4157 omissa
1039 4091 1113 4156 veri
1137 4090 1247 4156 simile

82 4263 286 4276 *Q*—

183 4362 211 4433 1)
230 4380 268 4417 sc.
288 4363 394 4418 codicis
408 4363 442 4422 A.
464 4394 495 4402 —
516 4367 544 4433 2)
563 4365 600 4420 cf.
619 4365 735 4421 Lehrsii
754 4365 843 4421 Arist.
862 4383 889 4437 p.
903 4365 955 4419 339
969 4383 1030 4437 sqq.
1052 4395 1083 4405 -
1103 4366 1131 4435 3>
1151 4363 1247 4420 verbis

82 4447 126 4506 ΡΑ
138 4451 235 4507 Wolfii
255 4454 373 4524 (proleg.
394 4473 420 4526 p.
441 4452 590 4523 CLXXII)
610 4461 684 4510 utor.
