3160 5118
872 360 915 425 44
966 399 1003 408 ,

310 541 470 606 materiae
495 509 696 604 difficultate
721 540 821 604 oredo
849 541 1007 623 voluisse,
1036 541 1124 605 sicut
1152 541 1366 625 Polycraten,
1404 563 1491 604 cum

309 657 459 722 Busirim
482 656 635 720 laudaret
663 662 698 720 et
722 652 1023 740 Clytaemestram‘
1033 651 1055 732 1)
1102 656 1143 720 de
1167 656 1291 722 talibus
1315 655 1490 721 laudatio-

310 773 411 838 nibus
435 772 523 838 Zoili
549 777 659 836 aetate
687 793 756 837 non
784 771 868 836 raris
898 771 1059 837 disseruit
1082 772 1354 856 Sengebuschius
1378 773 1489 837 Hom.

311 888 390 954 diss.
415 889 433 952 I
459 889 520 952 112
545 910 593 973 sq.
641 889 675 952 01
697 887 835 953 Schrad.
860 887 985 973 Porph.
1005 889 1027 967 1Ι
1049 889 1115 952 412
1140 911 1188 975 sq.

416 1012 454 1069 ut
476 1003 687 1090 Polyphemo
715 1004 883 1069 laudando
908 1003 1068 1090 sophistis
1092 1004 1279 1088 rhetoricis,
1308 1004 1356 1070 ita
1383 1004 1489 1070 libris

310 1120 347 1186 in
371 1121 558 1186 Homerum
582 1120 717 1206 scriptis
741 1114 945 1194 ἑνστατικοῖς
968 1121 1083 1186 Zoilus
1107 1143 1143 1186 se
1172 1120 1328 1186 inseruit:
1357 1120 1399 1185 de
1428 1122 1488 1186 his

310 1237 473 1318 Lehrsius
496 1236 533 1301 in
555 1233 661 1302 Arist.
687 1236 765 1302 diss.
782 1237 836 1300 HI
853 1259 923 1322 cap.
941 1237 991 1302 IV
1014 1237 1115 1302 latius
1132 1235 1261 1322 optime
1282 1237 1487 1323 disputavit.

310 1352 365 1418 his
388 1351 620 1437 grammaticis
635 1353 767 1418 Zoilum
789 1358 882 1418 recte
906 1375 924 1417 a
940 1351 1082 1418 Lehrsio
1100 1353 1276 1418 addictum
1292 1375 1363 1418 0330
1387 1360 1486 1438 puto,

311 1468 371 1534 sed
393 1469 531 1554 longius
547 1468 637 1534 iusto
653 1469 857 1554 processisse
879 1468 1016 1534 videtur
1031 1469 1086 1533 vir
1102 1469 1318 1535 doctissimus
1335 1491 1374 1533 00
1392 1470 1487 1554 quod

310 1584 443 1650 Zoilum
464 1590 564 1648 antea
584 1583 687 1649 nimis
704 1589 937 1670 contemptum
955 1584 1091 1650 efferret
1106 1585 1220 1650 nimis.
1267 1607 1348 1651 nam
1364 1593 1486 1650 censet

310 1700 352 1766 ab
377 1723 415 1765 00
431 1700 545 1765 studia
560 1701 859 1785 grammaticorum
879 1701 916 1765 in
932 1701 1119 1765 Homerum
1135 1723 1234 1766 versa
1250 1701 1349 1766 irrisa
1364 1697 1483 1777 esso²).

310 1838 379 1882 non
402 1816 511 1882 irrisit
533 1816 647 1881 Zoilus
672 1815 785 1882 studia
808 1817 990 1882 Homerica
1018 1817 1203 1901 doctorum,
1233 1817 1353 1902 quibus
1382 1823 1486 1904 poeta

310 1931 559 1997 illustrissimus
598 1953 680 1996 ansa
716 1931 784 1996 fuit
821 1931 953 2016 ingenii
983 1932 1172 2016 exercendi,
1213 1932 1275 1998 sed
1313 1933 1386 2020 ipse
1421 1935 1497 1998 tali-

311 2047 410 2112 modo
435 2045 640 2112 carminibus
664 2047 856 2113 Homericis
883 2069 964 2112 usus
993 2069 1066 2113 esse
1095 2049 1240 2114 videtur.
1286 2049 1485 2114 memineris

310 2164 415 2232 velim
439 2163 522 2228 duos
547 2186 588 2228 ex
610 2164 693 2228 locis
718 2187 737 2229 a
757 2164 853 2229 Zoilo
877 2164 1004 2229 notatis
1029 2165 1219 2230 interillos
1244 2171 1375 2231 exstare
1399 2189 1484 2252 quos

311 2273 546 2359 1111310101033)
581 2287 620 2344 ut
650 2281 804 2366 exempla
836 2303 949 2346 rerum
981 2281 1023 2345 ab
1056 2275 1259 2355 ἑνστατικοῖς
1290 2288 1486 2348 notatarum

312 2395 499 2482 proposuit,
533 2419 621 2462 neve
650 2397 775 2462 oblitus
803 2397 861 2480 sis,
888 2397 1090 2480 Zoilianum,
1125 2396 1214 2482 quod
1242 2420 1275 2462 n.
1305 2399 1349 2463 34
1377 2398 1484 2482 signi-

311 2511 422 2596 ficavi,
447 2512 598 2598 incipere
620 2513 662 2578 ab
685 2513 745 2578 illo
765 2513 802 2578 in
824 2513 1077 2599 quaestionibus
1093 2513 1330 2578 usitatissimo:
1355 2509 1485 2590 Ζωΐλος

312 2623 402 2714 ζητεῖ
424 2627 499 2702 πῶς
521 2620 592 2712 art;
622 2652 774 2715 quaeque
803 2629 1008 2696 testimoniis
1036 2653 1069 2695 n.
1094 2630 1147 2695 26.
1173 2631 1215 2694 21
1239 2630 1441 2716 significatis
1464 2655 1486 2697 a

311 2745 409 2810 Zoilo
432 2744 599 2810 irridendi
623 2746 733 2830 gratia
757 2746 848 2812 diota
871 2768 943 2812 esse
966 2745 1136 2830 videntur,
1162 2747 1394 2832 quaestionem
1414 2771 1485 2813 me-

312 2884 384 2927 ram
408 2884 481 2926 0330
505 2861 633 2927 scholio
661 2863 690 2922 Σ
714 2862 778 2927 206
797 2859 866 2946 (Α)
896 2862 1160 2946 demonstratur,
1188 2861 1248 2928 ubi
1277 2862 1395 2929 eadem
1423 2887 1485 2950 per

314 2976 523 3062 quaestionis
547 2978 792 3064 solutionisque
815 2980 960 3044 formam
975 2979 1164 3045 tradantur.
1212 2979 1484 3046 0110111101οω-

312 3095 369 3180 pla
392 3100 526 3159 secutus
551 3100 602 3158 est
625 3095 751 3179 ZoiluS,
774 3095 862 3160 nihil
885 3103 1019 3181 praeter
1042 3101 1172 3161 0010103
1195 3095 1360 3181 peccavit.

420 3205 617 3295 Olearius4),
643 3211 816 3295 Lehrsius‚
840 3207 930 3289 alii5)
947 3211 1079 3278 Zoilum
1102 3212 1209 3276 risum
1229 3233 1365 3277 movere
1388 3215 1483 3279 volu-

312 3327 380 3392 isse
416 3331 569 3392 censent:
605 3327 664 3393 sed
696 3327 780 3392 haec
813 3329 983 3393 sententia
1017 3327 1102 3393 mihi
1136 3327 1273 3394 videtur
1306 3328 1483 3394 hominum

311 3450 447 3510 nostrae
471 3443 593 3508 aetatis
617 3466 701 3528 esse,
728 3466 798 3509 non
825 3450 993 3523 veterum3
1021 3467 1106 3529 quae
1128 3444 1244 3509 Zoilus
1273 3444 1310 3509 in
1335 3447 1481 3512 Homero

212 3559 214 3564 ’
312 3559 454 3643 notavit,
479 3559 578 3625 nobis
594 3558 733 3646 quidem
748 3560 819 3625 risu
836 3559 940 3644 digna
955 3560 1126 3644 videntur,
1148 3584 1167 3624 a
1182 3558 1355 3625 veteribus
1371 3579 1481 3643 gram·

312 3675 445 3741 matiois
473 3675 560 3741 serio
589 3677 830 3760 tractabantur,
861 3675 1143 3760 deliberabantur‚
1173 3674 1402 3744 solvebantur.
1447 3681 1482 3738 et

311 3791 466 3857 invenies
500 3791 538 3856 in
567 3771 704 3858 scholiis
740 3800 775 3858 et
809 3792 899 3878 apud
928 3791 1148 3857 Eustathium
1172 3791 1261 3858 Zoili
1295 3790 1479 3856 sententias

311 3906 436 3974 talibus
472 3909 599 3994 excipi:
644 3900 674 3970 oi
709 3903 744 3969 a?
776 3899 905 3981 λύοντες
928 3897 1131 3990 ἀντιλέγουσι
1138 3933 1147 3986 ,·
1183 3897 1267 3967 ἀλλὰ
1291 3901 1413 3992 ῥητέον.
1439 3932 1478 3982 .,·

313 4015 543 4110 Μεγακλείδης
572 4025 629 4104 (30.
654 4015 738 4107 λύει)
767 4012 836 4102 ὅτις
862 4015 1056 4109 Ζηνόδωρος
1079 4018 1115 4084 δὲ
1138 4013 1356 4104 ἀπολογεῖται
1381 4016 1478 4104 λέγων

417 4300 446 4365 1)
465 4299 501 4353 of.
521 4299 651 4355 Wulfert
668 4317 695 4371 p.
711 4300 736 4354 7.
757 4329 789 4338 -
808 4300 838 4363 2)
856 4317 882 4370 p.
902 4300 963 4365 204,
973 4317 1001 4352 n.
1015 4298 1073 4351 126.
1093 4329 1126 4336 «-
1146 4297 1173 4364 3)
1192 4303 1246 4351 art.
1266 4302 1342 4369 poet.
1356 4315 1378 4352 0.
1388 4297 1430 4352 25.
1445 4326 1475 4334 -

310 4387 339 4462 4)
358 4387 495 4448 Philostr.
514 4407 541 4463 p.
561 4390 622 4447 649.
643 4418 673 4429 -
695 4388 723 4463 5)
742 4389 871 4446 Wulfert
888 4407 916 4478 p.
935 4388 960 4457 5,
980 4386 1111 4462 Spindler
1129 4405 1155 4462 p.
1175 4388 1218 4445 22.
