3160 5118
808 427 1027 492 ..64-

333 605 435 671 minis
469 607 579 671 forma
613 611 665 671 est
698 598 867 685 Δαφίταςε
903 607 1015 671 exstat
1049 602 1086 670 in
1122 605 1192 671 uio.
1229 604 1271 670 de
1305 606 1376 670 fato
1410 595 1432 668 3
1464 610 1494 670 et

334 722 386 788 OJ
389 721 447 786 Gr.
475 718 613 803 1564:1)
646 710 816 802 'Aya‘dtaov
838 715 994 806 Aurpirco
1013 710 1148 783 Ἠολεῖα
1172 710 1232 781 ἀπ’
1248 710 1495 805 Ἀλεξανδρείας.

333 837 374 902 de
398 837 549 924 Daphita
584 839 646 904 hcc
682 840 725 905 cf.
750 839 819 904 Oia.
845 839 887 904 de
910 839 982 903 fato
1007 838 1037 921 3,
1074 837 1195 904 Strabo
1218 862 1251 923 p.
1276 838 1353 916 647,
1389 838 1494 904 Valer.

332 955 420 1019 Max.
437 955 455 1018 Ι
471 977 499 1020 e.
514 955 537 1018 8
553 961 630 1038 ext,
650 956 682 1021 8.
722 977 806 1040 quos
822 955 913 1020 locos
929 954 1118 1020 accuratius
1134 953 1396 1040 inspicientibus
1412 959 1495 1019 recte

333 1069 505 1135 videbitur
535 1071 706 1135 censuisse
738 1066 1067 1153 Wilamcwitzius,²)
1113 1078 1148 1134 et
1179 1069 1220 1134 ab
1252 1069 1411 1148 Aeliano¹
1427 1069 1495 1134 Sui-

332 1186 441 1272 daque
476 1193 511 1252 et
539 1209 558 1251 a
582 1185 726 1271 Valeri0,
763 1187 833 1252 usis
866 1187 923 1252 vel
958 1186 1123 1252 Cicerone
1133 1179 1158 1267 8)
1194 1185 1249 1251 vel
1285 1166 1496 1272 compilatore

332 1302 445 1368 nescio
481 1324 557 1386 quo,
594 1302 697 1367 talem
733 1303 865 1368 narrari
899 1303 1182 1369 historiunculam
1211 1302 1345 1388 qualem
1374 1300 1496 1387 primus

332 1418 533 1483 Posidonius
555 1417 751 1484 tradiderat.
792 1416 871 1484 dein
892 1424 993 1500 recte,
1015 1426 1054 1486 ut
1070 1419 1200 1505 opinor,
1216 1416 1496 1484 Wilamowitzius

332 1534 507 1617 iudicavit,
542 1534 766 1601 Posidonium
801 1541 960 1621 corrupta
994 1535 1157 1600 memoria
1193 1534 1367 1600 credulum
1404 1555 1496 1598 usum

332 1673 418 1733 esse3
443 1650 646 1717 Strabonem
668 1651 705 1717 in
727 1651 827 1716 rebus
844 1651 982 1716 Asianis
998 1651 1144 1716 maxime
1166 1656 1359 1717 accuratum
1382 1648 1496 1736 genui-

331 1789 410 1832 nam
444 1767 716 1832 narratiunculae
750 1769 894 1833 fcrmam
930 1767 1128 1833 servavisse.
1178 1767 1216 1832 in
1245 1788 1311 1852 qua
1339 1765 1498 1832 Wilamc·

332 1878 499 1963 witziu84)
530 1889 564 1947 et
592 1882 757 1948 conviciis
785 1890 820 1948 et
848 1883 946 1967 regni
974 1883 1100 1948 finibus
1128 1883 1164 1948 in
1189 1880 1342 1948 versibus
1366 1879 1498 1967 prolatis

333 2005 479 2064 aetatem
505 1998 674 2084 Daphitae
709 1999 929 2064 determinari
964 1998 1057 2082 dicit,
1094 1998 1193 2065 initia
1225 1998 1324 2084 regni
1352 1996 1496 2078 Attalici,

333 2137 439 2180 annos
467 2117 539 2180 fere
563 2103 749 2180 aas-220.
808 2115 898 2181 haud
933 2115 1003 2182 scio
1032 2138 1075 2180 an
1103 2121 1196 2181 recte
1226 2113 1437 2180 iudicaverit.
1460 2148 1497 2157 —

333 2231 553 2317 inscriptione
569 2231 638 2315 illa,
656 2253 741 2316 quae
758 2232 828 2296 sola
844 2231 1013 2316 Daphitae
1028 2253 1153 2297 nomen
1168 2230 1318 2308 exhibet,
1337 2230 1498 2316 Daphitae
1556 2249 1557 2268 ¹

333 2346 508 2412 cuiusdam
531 2347 621 2413 filius
644 2348 850 2432 nominatur,
875 2347 1001 2414 Aeolus
1025 2371 1067 2413 ex
1088 2347 1295 2413 Alexandria
1317 2347 1354 2412 in
1376 2345 1498 2411 Troade

333 2463 413 2545 sita;
448 2463 539 2529 unde
575 2463 861 2530 Wilamowitnius
898 2465 1082 2551 Daphitam
1117 2463 1392 2549 grammaticum,
1428 2483 1499 2527 cum

333 2586 514 2666 utrumque
538 2580 683 2646 eundern
707 2603 780 2646 esse
805 2581 973 2667 opinetur,
1009 2581 1195 2646 Troianum
1229 2579 1499 2666 appellatasque

333 2696 374 2761 de
403 2719 503 2762 causa
530 2696 747 2762 inimicitiam
776 2696 870 2762 illius
904 2703 1021 2763 contra
1044 2698 1273 2782 Pergamenos
1301 2701 1500 2763 ostentatam

333 2819 369 2878 et
406 2813 526 2878 Troiae
565 2835 633 2899 non
672 2813 784 2878 victae
824 2812 1057 2878 defensionem
1100 2814 1354 2898 interpretatur.
1417 2809 1500 2896 quod

332 2929 523 2994 Telmessae
539 2928 664 3014 oppido
680 2929 851 3013 tribuitur,
869 2951 907 2995 eo
925 2929 1087 3014 explicari
1102 2935 1200 3016 putat
1210 2927 1498 3008 Wflamowiczius,
1555 2943 1556 3010 ;

333 3050 372 3111 ut
407 3044 449 3109 ad
484 3052 601 3110 vatum
640 3045 786 3130 patriam
824 3041 1103 3124 nobilissimam⁵l
1143 3045 1352 3111 oraculorum
1391 3043 1500 3108 irrisor

334 3183 480 3248 nequam
504 3162 687 3227 referretur
694 3185 701 3244 ;
732 3184 811 3227 vere
840 3184 913 3227 esse
936 3162 1122 3249 Daphitam
1146 3162 1330 3227 Troianum
1355 3166 1390 3225 et
1414 3158 1499 3246 cyni-

334 3297 424 3343 cum:
460 3277 555 3344 cuius
590 3300 632 3342 ex
659 3277 774 3343 libello
804 3279 947 3343 fortasse
977 3279 1044 3343 Dio
1071 3277 1290 3344 Prusaeensis
1319 3277 1499 3342 orationem

333 3394 389 3460 XI
413 3395 455 3459 de
478 3394 578 3460 Troia
601 3415 670 3460 non
693 3402 791 3481 capta
815 3389 1058 3480 conscripsit.⁶)

443 3511 523 3577 Jam
558 3533 638 3576 vero
673 3511 716 3575 ad
739 3510 1050 3576 Alexandrinorum
1085 3509 1323 3595 grammaticos
1350 3506 1500 3595 perveni·

334 3649 419 3711 mus,
444 3627 579 3692 criticos
607 3621 690 3712 quos
720 3648 780 3692 nos
805 3626 949 3691 dicimus
978 3631 1012 3692 et
1035 3626 1182 3692 editores
1205 3625 1331 3712 primos
1354 3623 1498 3690 Homeri.

334 3743 489 3809 videmus
514 3750 637 3826 autem,
672 3749 711 3808 ut
740 3749 1004 3809 consentaneum
1035 3751 1087 3808 est
1110 3743 1146 3808 in
1169 3741 1383 3808 incunabulis
1409 3740 1499 3806 disci-

441 4011 468 4074 1)
487 4032 523 4052 =
540 4007 658 4064 erfeld
687 4010 757 4080 Syll.
786 4010 871 4065 inser.
902 4011 1002 4064 Boeot.
1031 4011 1073 4063 26.
1103 4007 1235 4064 laudavit
1260 4003 1498 4061 Wilamowitzius

333 4100 351 4153 l.
363 4099 380 4152 l.
400 4117 426 4170 p.
438 4099 479 4152 12.
512 4096 615 4153 Strabo
635 4117 749 4170 quoque
768 4103 807 4170 (p.
827 4100 891 4168 647)
910 4118 960 4172 per
979 4106 992 4151 t
1010 4097 1111 4153 scribit
1140 4129 1170 4136 -
1190 4097 1217 4162 2)
1236 4098 1254 4152 1.
1274 4097 1291 4150 l.
1312 4115 1338 4166 p.
1359 4096 1392 4150 ll
1413 4114 1453 4166 sq.
1473 4119 1497 4132 -

333 4189 362 4257 3)
381 4189 416 4244 de
435 4187 572 4243 Cicerone
590 4188 699 4244 Valerii
718 4194 836 4244 auctore
854 4189 890 4243 cf.
911 4186 1023 4244 Teuffel
1042 4187 1069 4242 R
1088 4186 1158 4241 Litt.
1179 4183 1296 4241 Gesch.⁶
1314 4187 1405 4254 5279,
1423 4186 1448 4239 3.
1471 4211 1498 4220 -

334 4279 545 4348 4)1.1.p.12.
577 4308 607 4316 -
637 4279 667 4345 5)
695 4278 753 4333 cic.
773 4279 808 4333 de
827 4278 884 4334 div.
903 4279 961 4334 191
986 4277 1151 4332 Telmessus
1169 4276 1199 4330 in
1219 4275 1306 4330 Caria
1324 4283 1376 4344 est,
1401 4272 1499 4346 quain

334 4371 406 4424 urbe
435 4367 550 4422 excellit
577 4368 763 4439 haruspicum
793 4365 951 4437 disciplina.
1004 4365 1078 4420 Plin.
1107 4385 1134 4420 n.
1164 4366 1192 4419 h.
1217 4365 1290 4433 30,6
1318 4365 1497 4428 Telmessum,

334 4457 582 4538 religiosissimam
602 4459 711 4520 urbem.
733 4487 763 4494 —
785 4457 812 4528 6)
832 4456 868 4511 cl.
890 4454 1096 4514 Wllamcwitz.
1116 4456 1134 4512 1.
1153 4456 1172 4510 1.
1192 4454 1227 4509 10
1244 4470 1327 4529 sqq..

1552 4873 1553 4890 l

1489 5043 1492 5063 ί
