3160 5118
827 411 1082 527 -·ιο--Ι

620 667 623 674 .
917 606 960 670 23

456 717 529 782 vita
552 716 652 782 Arati
675 715 767 804 ΠΡ),
797 721 977 786 Westerm.
1004 723 1116 804 Βιογρ.
1141 745 1174 809 p.
1198 723 1286 806 57,3
1307 745 1395 808 sqq.:
1426 711 1537 783 ἀδελ-

350 822 434 914 φούς
457 825 493 892 δὲ
516 824 588 910 ἔσχε
610 833 763 918 (Aratus)
793 829 938 920 quffl)
973 832 1030 898 καὶ
1060 831 1272 916 Καλάνδανλ)
1299 832 1356 899 καὶ
1378 827 1538 923 Ἀθηνό-

350 943 494 1030 δωρον4),
520 937 557 1008 ἀν
579 968 680 1033 φησιν
704 943 883 1037 Εὐφράνωρ
908 942 1111 1038 ἀντιγράψαι
1134 945 1221 1038 πρὸς
1242 945 1303 1026 τάς
1317 953 1377 1015 τοῦ
1392 949 1538 1016 Ζωΐλου

348 1056 556 1148 κατηγορίας.

916 1213 961 1277 24

454 1323 526 1388 vita
550 1322 765 1412 AratiIV1)‚
790 1327 971 1394 Westerm.
997 1329 1110 1412 Βιογρ.
1135 1351 1167 1414 p.
1194 1327 1285 1410 60‚7
1310 1350 1395 1414 sqq.:
1424 1318 1535 1391 ἀδελ-

348 1429 434 1522 φούς
458 1427 485 1498 ά
511 1427 577 1517 εἶχε
599 1446 636 1522 γ’,
662 1433 774 1527 Μύριν
797 1435 978 1504 Καλιύνὸαν
1000 1439 1058 1504 καὶ
1071 1433 1312 1530 Ἀθηνόδωρον,
1337 1431 1374 1518 ὃς
1388 1445 1538 1528 πρῶτος

349 1542 518 1616 ἀντειπεῖν
553 1550 681 1638 λέγεται
709 1553 827 1642 Ζωΐλῳ
862 1559 909 1642 τῷ
943 1552 1029 1622 κατά
1057 1560 1114 1647 της
1144 1550 1324 1645 Ὁμηρικῆς
1352 1553 1536 1646 ποιήσειας

349 1661 525 1755 γράψαντι.

917 1820 960 1883 25

455 1933 576 1998 schol.
603 1933 645 1997 ad
670 1935 855 2000 Platonis
872 1935 1057 2021 Hipparoh.
1074 1959 1106 2022 p.
1124 1937 1199 2021 240,
1223 1937 1290 2000 vol.
1303 1935 1350 2002 IV
1368 1938 1389 2000 2
1405 1959 1437 2022 p.
1459 1937 1536 2001 334

348 2044 400 2111 ed.
423 2047 576 2114 Bekker:
605 2043 708 2134 τέως]
732 2047 828 2135 δηλοῖ
856 2043 893 2111 τὸ
922 2043 990 2133 πρὸ
1019 2051 1087 2112 τοῦ.
1134 2046 1352 2136 Δημοσθένης
1376 2041 1415 2127 ,,ὃ
1439 2047 1535 2126 τέως

346 2162 539 2244 προσκυνῶν
561 2155 771 2249 τηνθάλσνιῑ.
805 2155 1047 2252 Ἀριστοφάνης
1065 2159 1414 2253 Θεσμοφοριαζούσαις
1439 2214 1447 2227 .
1481 2215 1489 2229 .
1524 2217 1531 2229 .

347 2276 547 2363 (sequuntur
569 2281 674 2346 verba
698 2279 794 2364 eius).
841 2277 969 2356 Ζωΐλος
993 2277 1026 2342 ἐν
1048 2282 1096 2364 τῷ
1119 2275 1166 2357 εἰς
1189 2274 1396 2368 Πολύφημον
1419 2277 1533 2364 ἐγκω-

346 2385 428 2474 μίφ·
468 2385 576 2472 ,μύτω
605 2389 665 2480 γάρ
694 2387 979 2483 ὡμογνοιμύνησαν
1008 2390 1038 2460 οἶ
1068 2394 1146 2460 θεοὶ
1174 2393 1339 2483 περὶτῆς
1361 2392 1535 2483 τιμωρίας

346 2501 478 2596 ταύτης,
504 2502 588 2575 ὥστε
615 2506 787 2576 πάντοθεν
815 2504 990 2588 Ὀδυσσεύς
1018 2509 1100 2588 τέως
1129 2504 1146 2576 ὁ
1176 2506 1359 2593 σωζόμενος
1382 2509 1438 2576 καὶ
1466 2509 1535 2590 τάς

347 2627 423 2702 ναῦς
447 2618 619 2715 ἀκεραίους
643 2622 923 2714 περιποιούμενος
952 2623 1135 2716 περιιύφθη
1157 2624 1241 2709 μετά
1265 2623 1324 2716 την
1348 2619 1429 2715 ἀράν
1453 2620 1534 2693 ὑπὸ

345 2742 405 2829 τῆς
426 2734 605 2831 Ἀθηνᾶς.“

454 2884 591 2928 sensum
614 2863 798 2949 explicavit
813 2861 975 2928 Lehrsius
998 2863 1035 2928 in
1050 2863 1075 2929 J
1076 2862 1172 2928 ahnii
1189 2864 1299 2928 annal.
1316 2862 1389 2928 XII
1404 2861 1533 2947 (1830)

346 2997 379 3062 p.
406 2977 469 3042 106
496 3009 534 3029 =
559 2978 665 3045 Arist.
690 3001 723 3064 p.
736 2980 812 3044 202.
849 2980 1021 3044 deforma
1044 2980 1144 3044 huius
1167 2981 1233 3044 loci
1249 2978 1416 3044 rhetorica
1432 2979 1533 3045 dixit

346 3092 375 3156 F
391 3092 542 3160 Blassius
565 3096 587 3160 l.
612 3118 639 3160 ε.
664 3118 697 3181 p.
722 3096 787 3160 346
812 3117 861 3180 sq.

913 3275 955 3338 ‘26

346 3387 388 3452 ad
412 3389 441 3454 E
458 3389 481 3454 4
504 3385 577 3451 δαῖε
600 3389 784 3472 (Minerva)
804 3385 840 3451 ἐκ
855 3381 1001 3472 κόρυθός
1016 3411 1051 3451 τε
1073 3383 1131 3450 καὶ
1147 3378 1292 3462 ἀσπίδος
1316 3387 1530 3470 (Diomedis)

558 3495 731 3584 ἀκάματον
753 3506 821 3589 πῦρ
847 3553 853 3567 .
880 3554 887 3568 .
913 3551 920 3567 .

463 3622 482 3686 7
506 3613 598 3683 τοῖόν
623 3614 653 3683 οἳ
677 3622 746 3708 πῦρ
770 3619 861 3684 δαῖεν
883 3611 955 3684 ἀπὸ
978 3613 1098 3704 κρατός
1121 3642 1156 3684 τε
1179 3615 1236 3682 καὶ
1260 3609 1358 3698 ἀν’μων

345 3737 381 3803 in
406 3737 478 3802 cod.
495 3737 527 3802 A
548 3738 757 3825 adscriptum
781 3741 858 3822 (vol.
876 3739 893 3802 Ι
912 3739 974 3804 197
990 3739 1043 3822 D.,
1065 3735 1525 3824 Porphyr.179‚18sohr.)

346 3858 411 3919 est:
446 3848 606 3936 Ζωΐλοςῧ)
643 3845 660 3916 ὁ
693 3845 845 3940 Ἐφέσιος
879 3854 1052 3940 κατηγορεῖ
1085 3853 1144 3914 τσῦ
1179 3845 1287 3914 τόπου
1319 3843 1522 3914 τούτουκαὶ

344 3962 513 4053 μέμφεται
536 3970 584 4053 τῷ
607 3971 745 4056 ποιητῇ,
772 3960 822 4031 ὅτι
847 3963 921 4030 λίαν
936 3962 1071 4052 γελοίως
1087 3961 1272 4055 πεποίηκεν
1288 3963 1324 4029 ἐκ
1339 3968 1404 4029 τῶν
1420 3957 1524 4046 ύίμων

452 4181 479 4252 1)
499 4182 643 4237 Susemihl
672 4182 720 4238 Gr.
749 4181 819 4237 Lite.
848 4181 951 4237 Geseh.
972 4181 997 4238 d.
1018 4180 1099 4235 Alex.
1128 4181 1174 4235 zt.
1202 4181 1233 4236 II
1251 4182 1305 4235 292
1323 4197 1366 4251 sq.
1393 4179 1453 4243 293,
1472 4181 1519 4239 39,

344 4271 738 4343 EMaassArateap.310,2.
753 4302 784 4310 -
800 4271 826 4337 2)
841 4272 1053 4340 Westermann‚
1072 4262 1155 4341 λύρην
1173 4270 1247 4324 libri.
1270 4300 1300 4309 —
1320 4271 1349 4334 3)
1367 4270 1519 4324 Hemster-

344 4362 429 4434 λιφε,
458 4354 610 4415 καλλιὸιλαν
636 4361 711 4416 libri.
742 4392 774 4400 —
802 4359 831 4432 4)
860 4361 970 4432 dequo
994 4360 1030 4415 ef.
1050 4360 1192 4430 EMaass,
1211 4360 1229 4417 l.
1249 4377 1272 4413 ο.
1291 4378 1318 4430 p.
1338 4359 1452 4427 245,18.
1484 4389 1515 4398 —

344 4449 373 4521 ὅ)
393 4455 499 4511 Ζωῑλυς
517 4452 551 4508 Α.
