3160 5118
619 371 1010 457 '--4a-

315 570 480 656 Dionysio
508 578 548 636 ut
574 570 689 637 rhetor
717 593 853 637 severus
877 578 1042 638 tractatur
1065 577 1100 636 et
1122 571 1259 657 scripsit
1273 570 1490 638 laudationes

314 686 937 772 vituperationesqueargumentorum
950 687 1204 774 paradoxorum.
1244 687 1487 770 Anaximenes,

315 803 397 868 artis
413 808 565 869 servatae
590 803 641 882 (ut
661 803 810 882 videtur)
833 805 977 889 scriptor
999 803 1180 888 rhetorque
1203 803 1344 869 minime
1366 803 1489 870 obscu-

314 941 382 1001 rus,
418 917 460 983 de
484 920 632 984 Homero
667 915 836 1005 scripsit¹)
870 926 905 985 et
938 920 1105 985 Helenam
1141 919 1304 985 laudavit.
1351 920 1490 986 Zoilum

315 1033 501 1118 Dionysius
525 1035 714 1101 oratoribus
737 1035 774 1100 in
789 1057 853 1100 usu
876 1037 1091 1102 versantibus
1107 1035 1238 1118 inserit,
1257 1026 1377 1101 'Plinio
1393 1035 1489 1102 idem

313 1152 391 1216 fons
425 1151 548 1218 estin
583 1173 684 1233 opere
711 1152 798 1216 serio
823 1151 1076 1237 conscribendo,
1112 1158 1146 1218 et
1180 1145 1359 1234 γυμνασίας
1393 1145 1489 1213 ἕνεκα

313 1266 468 1332 laudasse
502 1267 780 1353 vituperasseque
803 1269 921 1334 fertur.
969 1269 1069 1355 plane
1092 1267 1178 1334 mihi
1200 1290 1398 1354 persuasum
1422 1274 1487 1352 est,

313 1382 446 1447 Zoilum
481 1384 575 1448 nulla
602 1405 638 1448 re
666 1383 814 1449 alienum
841 1385 947 1450 luisse
976 1385 1017 1451 ab
1046 1384 1168 1450 aetatis
1192 1407 1271 1449 suae
1299 1385 1423 1450 studiis
1452 1391 1490 1448 et

312 1497 512 1581 rationibus
537 1505 580 1578 et,
605 1505 644 1564 nt
668 1500 786 1566 Wolfii
809 1507 886 1566 utar
902 1501 1025 1584 verbis,
1049 1500 1137 1566 nihil
1153 1499 1335 1566 admodum
1350 1507 1489 1585 praeter

314 1619 443 1680 ceteros
467 1615 669 1700 peccavisse.

422 1730 495 1808 Quo
522 1737 673 1817 tempore
697 1732 785 1798 Zoili
817 1713 947 1798 nomini
983 1738 1079 1798 tanta
1112 1732 1256 1797 infamia
1285 1730 1402 1798 addita
1430 1732 1488 1816 sit,

313 1847 437 1930 nescio,
472 1847 531 1912 sed
566 1853 648 1933 puto
683 1846 747 1913 hoc
781 1849 910 1913 factum
946 1870 1018 1912 esse
1056 1853 1090 1912 et
1126 1848 1167 1912 ab
1191 1847 1245 1931 iia,
1281 1847 1341 1934 qui
1364 1848 1489 1913 aetatis

313 1962 486 2028 Zoilianae
510 1985 619 2029 mores
643 1963 828 2029 rhetoricos
852 1965 953 2049 plane
976 1964 1186 2049 ignorarent,
1212 1970 1247 2028 et
1267 1963 1490 2049 temporibus

314 2100 391 2142 cum
430 2078 603 2144 rhetorum
641 2080 737 2144 Zoilo
777 2079 968 2164 aequalium
1007 2078 1120 2145 studia
1158 2079 1328 2146 oblivione
1367 2079 1490 2145 obruta

314 2199 437 2258 essent.
485 2216 586 2279 quam
610 2195 652 2261 ob
677 2217 811 2261 causam
835 2217 903 2260 non
920 2194 1174 2262 concedendum
1190 2194 1314 2277 iudico,
1337 2193 1490 2260 Alexan-

314 2309 490 2375 drinorum
507 2317 617 2376 aetate
629 2312 763 2376 Zoilum
775 2311 1001 2398 proscriptum
1016 2307 1130 2392 ossei).
1156 2311 1223 2378 viri
1235 2311 1327 2377 docti
1338 2310 1490 2377 Alexan-

315 2424 407 2490 drini
436 2417 601 2500 ἐνστάσεις
623 2427 792 2493 Zoilianas
826 2426 1066 2494 adnotaverint
1088 2427 1169 2493 licet
1194 2435 1228 2492 et
1251 2427 1490 2511 refutaverint,

314 2541 446 2608 Zoilum
470 2542 511 2608 ab
535 2543 578 2608 iis
595 2543 785 2629 opprobriis
802 2545 1009 2609 cumulatum
1033 2565 1106 2608 esso
1130 2565 1200 2608 non
1224 2550 1275 2608 est
1290 2543 1490 2610 verisimile.

421 2659 500 2726 Jam
523 2659 567 2724 ad
591 2659 694 2724 finem
716 2661 945 2745 pervenimus.
992 2666 1083 2726 certa
1100 2659 1142 2726 de
1158 2661 1253 2726 Zoilo
1269 2659 1489 2746 paucissima,

315 2774 445 2842 incerta
468 2776 584 2840 multa.
641 2775 757 2860 itaque
791 2777 898 2842 lector
922 2776 1108 2861 benivolus,
1146 2777 1175 2842 si
1204 2799 1289 2862 quae
1319 2798 1361 2840 ex
1388 2776 1492 2840 testi-

314 2890 437 2956 moniis
462 2891 576 2974 colligi
600 2913 700 2976 possc
717 2892 833 2957 censui
848 2914 950 2978 parca
966 2893 1156 2979 exiguaque
1171 2892 1343 2974 videntur,
1367 2892 1491 2956 memi-

313 3006 404 3071 nerit
438 3006 557 3089 velim,
598 3007 635 3072 in
670 3007 758 3073 Zoili
798 3010 958 3074 memoria
998 3010 1074 3095 'plus
1115 3031 1216 3096 quam
1254 3007 1336 3074 alibi
1374 3007 1492 3074 valere

315 3117 526 3207 Sophoclis³)
550 3122 649 3188 illud:

532 3229 627 3317 't'opcv
649 3231 709 3324 γὰρ
735 3229 827 3300 οὐδὲν
849 3235 970 3325 τρανὲς,
996 3230 1066 3301 ἀλλ’
1093 3231 1267 3320 ἀλώμεθα.

423 3431 449 3501 1)
461 3432 581 3503 Dionys.
592 3432 658 3486 Hal.
670 3433 695 3486 V
705 3434 766 3488 626.
778 3464 806 3473 -
822 3433 850 3503 2)
861 3433 959 3505 Biogr.
969 3433 1048 3489 univ.
1057 3435 1121 3502 LII,
1130 3436 1191 3490 414.
1210 3434 1344 3506 Spindler
1353 3453 1380 3506 p.
1388 3436 1420 3489 16
1426 3453 1490 3508 sqq.

421 3522 448 3589 3)
469 3521 513 3578 Ai.
533 3523 576 3576 23.
618 3523 698 3589 Quae
726 3528 861 3578 eveniant
891 3524 914 3577 si
943 3523 1005 3594 quis
1037 3524 1099 3580 sine
1126 3524 1187 3578 ulla
1216 3524 1349 3579 cautione
1378 3523 1490 3578 tradita

315 3610 420 3680 accipit
448 3629 589 3683 suumque
616 3610 647 3666 in
675 3611 793 3666 modum
813 3613 1029 3684 interpretatur,
1058 3631 1215 3684 cognoscas
1234 3613 1301 3669 licet
1320 3632 1356 3669 ex
1374 3613 1490 3668 Nicolai

316 3701 365 3756 Gr.
384 3699 456 3755 Litt.
476 3700 579 3755 Gesch.
598 3701 693 3754 11110
712 3707 741 3756 et
762 3719 797 3756 ex
816 3700 852 3756 iis
871 3720 943 3773 quae
963 3721 999 3757 ex
1018 3703 1147 3758 Parnelli
1165 3703 1239 3758 libro
1268 3703 1302 3758 de
1321 3701 1396 3758 Zoili
1424 3702 1491 3757 vita

315 3788 422 3860 scripto
442 3788 533 3859 (1755)
563 3789 653 3844 tradit
678 3792 773 3845 D-n·u
792 3793 821 3846 in
841 3791 938 3862 Biogr.
958 3792 1036 3849 univ.
1056 3799 1136 3848 tomo
1156 3793 1220 3860 LlI,
1249 3812 1276 3864 p.
1295 3793 1360 3847 414:
1390 3792 1490 3862 „Pour

314 3878 486 3949 n’epargner
512 3879 529 3933 a
556 3878 812 3935 l’Homeromastix
850 3899 944 3936 aucun
972 3881 1007 3936 de
1036 3881 1133 3938 divers
1171 3881 1323 3953 supplices,
1361 3899 1417 3952 que
1446 3883 1490 3936 les

315 3968 434 4023 enciens
452 3974 548 4023 textes
567 3968 608 4023 lui
622 3969 687 4023 font
699 3969 787 4038 subir,
803 3969 927 4026 l’auteur
941 3971 1052 4041 anglais
1065 3988 1196 4043 suppose,
1216 3968 1263 4042 qu'
1275 3971 1297 4025 il
1309 3971 1354 4024 fut
1369 3970 1490 4026 d’abord

314 4056 453 4128 precipite
472 4057 522 4112 des
549 4058 666 4114 rochers
686 4059 868 4129 ScyronienS,
897 4061 970 4116 mais
989 4061 1080 4116 sauvd
1098 4079 1151 4131 par
1175 4063 1203 4116 le
1228 4078 1285 4132 peu
1313 4060 1490 4116 d’elavation

315 4147 351 4201 de
370 4163 416 4201 ces
434 4164 499 4201 rccs
518 4152 547 4200 et
570 4165 623 4217 par
651 4149 701 4203 des
728 4150 871 4218 arbustae,
901 4150 950 4220 qui
979 4150 1152 4206 amortirent
1179 4151 1208 4205 la
1236 4149 1365 4205 violence
1394 4149 1430 4204 de
1459 4152 1489 4206 la

315 4236 409 4290 chute.
447 4237 473 4290 Il
500 4237 527 4289 le
554 4241 720 4306 transporta
748 4238 861 4293 ensuite
889 4240 906 4294 a
930 4238 1133 4308 l’Alexandrie‚
1162 4239 1200 4294 cir
1222 4239 1244 4294 il
1267 4240 1295 4295 le
1314 4239 1349 4294 fit
1367 4238 1488 4310 lapidee,

315 4324 380 4394 puis
399 4325 515 4396 pondre,
534 4325 608 4380 mais
626 4327 786 4383 seulement
805 4345 840 4382 en
860 4327 965 4398 effigie.
1002 4328 1089 4384 Enfin
1108 4329 1129 4383 il
1141 4331 1168 4384 le
1181 4329 1300 4384 conduit
1319 4329 1337 4384 t
1355 4329 1487 4402 Smyrna.

315 4432 389 4497 pour
406 4433 426 4488 y
445 4414 522 4488 pe'rir
540 4432 590 4469 sur
611 4434 649 4471 un
670 4417 804 4484 bucher.“
843 4415 867 4472 0
886 4417 1082 4484 miserandum
1101 4419 1223 4484 Zoilum.
