3160 5118
577 380 795 446 ..27..

97 561 216 622 menta
239 581 281 622 ex
305 555 546 644 Aristophanis
573 560 754 645 disciplina
782 557 967 645 repetenda
995 581 1077 626 esse.
1125 566 1164 623 ut
1186 560 1270 625 Use-

96 695 202 738 nerus
226 673 430 760 Dionysium
453 698 523 740 non
546 676 582 740 in
606 698 666 741 sua
690 684 761 741 arte
789 676 1003 741 inventorem
1030 675 1136 739 luisse
1163 682 1270 759 putat,

96 791 148 854 sic
163 789 365 882 Ammonius
374 786 398 871 ¹)
422 814 498 856 eum
520 813 608 858 nova
632 796 666 856 et
687 791 842 856 inaudita
862 813 931 856 nou
947 789 1128 856 tradidisse
1145 796 1270 856 censet.

96 929 139 970 eo
162 905 326 972 libentius
350 907 555 993 Dionysium
578 907 698 973 ducem
723 901 947 992 sequemur.²)

209 1023 240 1090 8.
265 1023 357 1088 vitae
380 1025 416 1088 X
441 1031 610 1090 oratorum
631 1023 815 1089 Plutarcho
837 1023 941 1108 vulgo
961 1022 1109 1088 tributae
1133 1023 1169 1088 in
1190 1023 1270 1088 Dio·

94 1138 193 1224 nysii
211 1138 416 1225 Caeciliique
441 1138 784 1206 commentationibus
808 1141 1013 1204 constitutae
1037 1139 1181 1224 ideoque
1203 1139 1271 1204 fide

95 1255 225 1338 dignae
248 1262 340 1339 sunt,
368 1257 398 1320 si
422 1256 537 1342 opinio
561 1256 711 1340 vulgaris
719 1251 754 1338 8),
782 1262 822 1320 ut
843 1255 989 1338 videtur,
1014 1263 1106 1321 recta
1130 1263 1190 1322 est.
1237 1261 1273 1320 et

95 1353 290 1436 cohaerere*
303 1393 384 1437 sane
413 1373 505 1438 locus
535 1372 590 1438 hie
619 1378 797 1458 excerptus
826 1371 962 1438 videtur
990 1394 1066 1437 cum
1094 1372 1166 1437 loco
1190 1370 1271 1436 Dio-

92 1486 244 1573 nysiano
266 1510 299 1553 n.
323 1487 344 1552 ὅ
367 1469 494 1554 notato,

209 1604 260 1670 10.
277 1603 319 1669 de
332 1603 439 1692 Plinii
457 1605 610 1670 fontibus
628 1611 663 1668 et
674 1605 874 1670 auctoritate
890 1605 933 1669 ci.
948 1602 1271 1684 Teuffel-Schwabe,

94 1719 222 1786 Geseh.
248 1720 308 1786 der
331 1731 414 1786 rdm.
437 1716 542 1786 Litt⁵
565 1717 584 1804 ξ
609 1721 714 1804 313,3.

209 1836 259 1906 13.
285 1832 472 1915 Olearius4)
496 1841 530 1900 et
546 1836 722 1901 Fabricius
729 1831 755 1918 5)
771 1836 916 1902 Luciani
932 1837 1043 1901 locum
1060 1826 1271 1900 simillimum

92 1951 365 2017 adnotaverunt:
394 1974 456 2038 pro
479 1952 582 2038 imag.
612 1974 639 2018 c.
666 1953 710 2017 24
734 1940 801 2013 οὐδ’
831 1943 919 2012 ἔστιν
947 1940 1038 2025 ὅστις
1066 1940 1165 2012 αὐτὸν
1188 1950 1270 2030 (Ho-

92 2068 244 2146 merum)
268 2062 327 2129 ἐπὶ
351 2059 458 2150 τούτῳ
481 2068 585 2154 (quod
609 2067 765 2134 Briseida
788 2069 915 2133 Veneri
943 2067 1166 2152 omnibusque
1194 2067 1271 2131 dea-

93 2184 162 2250 bus
179 2185 400 2270 oomparavit)
425 2176 626 2262 clunicense,
653 2173 727 2246 udde*
752 2174 769 2246 ὁ
793 2177 950 2264 μαστίξαι
975 2175 1142 2268 τολμήσας
1170 2172 1272 2244 αὐτοῦ

93 2291 158 2385 τὴν
180 2291 300 2362 εἰκόνα.
308 2295 331 2381 ⁰)

206 2417 351 2482 Luciani
374 2417 478 2482 verba
494 2418 655 2500 Galenus,
679 2418 752 2482 eius
776 2439 882 2502 paene
906 2417 1065 2502 aequalis,
1090 2417 1139 2482 ita
1158 2416 1272 2482 reddit

94 2527 238 2613 (Ζωΐλος
253 2524 382 2607 ἔνδοξος
397 2525 456 2617 τὴν
466 2523 612 2616 Ὁμήρου
626 2526 794 2611 μασσίζων
809 2523 933 2614 εἰκόνα)
949 2539 988 2596 ut
1005 2555 1122 2598 omnes
1138 2539 1269 2618 putent,

96 2672 117 2714 a
132 2649 229 2715 Zoilo
245 2649 387 2714 Homeri
411 2650 549 2735 signum
572 2649 687 2734 flagris
712 2671 844 2714 caesum
869 2671 952 2714 esse.
998 2650 1170 2714 Lucienus
1190 2671 1271 2714 vero

96 2756 226 2838 εἰκόνος
241 2787 324 2830 voce
340 2766 482 2830 Homeri
494 2765 723 2832 narrationem
736 2765 1011 2851 depingendique
1024 2787 1152 2830 morem
1164 2765 1270 2850 signi-

95 2881 200 2946 ficare
228 2881 319 2946 vult:
350 2872 448 2942 εἱκών
476 2883 657 2946 vernacula
686 2881 933 2966 ‚Schilderung'
964 2888 1016 2946 est
1048 2886 1083 2945 et
1113 2873 1271 2959 μαστίξαι

96 2997 300 3072 idemvalet
322 3004 424 3082 atque
449 2997 567 3062 critica
583 2997 727 3063 saevitia
749 2999 912 3062 lacerasse
921 2991 946 3074 ⁷)
970 3003 1005 3061 et
1021 2997 1169 3082 explicat
1184 2997 1270 3062 Zoili
1356 2987 1360 2995 ¹

97 3135 289 3197 cognomen
312 3114 451 3196 vulgare
469 3102 728 3198 Ὁμηρομάστιξ.
776 3114 927 3180 Galenus
950 3113 1032 3178 haec
1056 3113 1161 3179 verba
1183 3112 1271 3198 figu-

95 3235 172 3294 rate
196 3227 288 3294 diota
311 3229 366 3294 vel
392 3230 465 3315 ipse
493 3230 579 3294 falso
606 3228 710 3295 verbo
740 3237 839 3295 tenus
867 3229 1109 3314 interpretatus
1136 3236 1189 3294 est
1215 3229 1271 3294 vel

97 3365 149 3428 σο,
175 3343 264 3429 quod
288 3366 327 3408 ea
350 3367 391 3408 ex
415 3345 578 3410 orationis
601 3345 792 3409 Lucianeae
817 3351 977 3410 contextu
1001 3344 1136 3430 eripuit,
1166 3345 1271 3410 falsae

95 3460 374 3546 interpretationi
406 3460 561 3526 subiecit.
612 3482 692 3524 nam
724 3461 814 3547 apud
843 3461 1032 3526 Lucianum
1067 3459 1195 3526 diutius
1229 3459 1272 3525 de

94 3657 311 3666 ῳ

206 3775 233 3847 1)
262 3777 297 3833 de
325 3779 444 3849 Dionys.
474 3779 539 3835 Hal.
559 3779 623 3833 libr.
642 3780 714 3835 rhet.
744 3778 874 3835 fontibus
893 3779 981 3835 Mchn
1001 3782 1079 3851 1889,
1103 3782 1211 3852 p.110.
1237 3812 1270 3819 —

94 3870 127 3935 2)
146 3866 219 3922 salso
239 3868 283 3922 Th
299 3868 395 3938 Bergk
415 3868 476 3934 (Gr.
497 3868 567 3922 Litt.
588 3868 691 3923 Gesch.
711 3869 754 3924 IV
767 3868 827 3938 352,
847 3867 892 3938 62)
912 3869 1032 3940 negavit
1050 3870 1124 3926 Zoili
1144 3876 1270 3925 aetatem

94 3975 112 4012 e
133 3955 265 4026 Dionysii
284 3957 355 4012 locis
374 3958 516 4028 cognosci.
538 3985 569 3995 -
589 3957 616 4023 3)
636 3956 785 4012 WOhrist
803 3958 905 4013 Gesoh.
916 3959 943 4014 d.
955 3959 1034 4028 grch.
1045 3957 1130 4013 Lice
1138 3978 1165 4030 p.
1176 3959 1268 4028 315,5.

94 4066 123 4120 p.
144 4045 204 4101 555.
224 4077 257 4084 —
281 4045 311 4118 4)
330 4047 491 4101 Philostrat
519 4065 544 4118 p.
565 4047 618 4101 648
637 4065 679 4117 sq.
701 4075 730 4085 -
757 4044 785 4116 5)
805 4046 879 4102 Bibl.
899 4047 948 4102 Gr.
967 4049 983 4102 I
1002 4049 1053 4102 561
1072 4047 1115 4103 ed.
1135 4049 1215 4104 Harl.
1238 4077 1267 4086 -

95 4133 126 4204 6)
146 4135 256 4191 scholia
283 4137 429 4192 Lucianea
456 4136 509 4202 (IV
527 4155 554 4206 pl
577 4137 627 4190 165
645 4134 759 4206 Jacob.)
795 4136 909 4190 Zoilum
935 4155 1000 4191 cum
1028 4137 1176 4192 Zenodcto
1204 4154 1269 4192 con-

93 4225 233 4280 fundunt:
253 4219 318 4278 oridl
338 4217 352 4276 ὁ
371 4225 523 4296 μαστίξαι]
543 4217 749 4296 Ὁμηρομάστιξ
761 4217 776 4277 ὁ
790 4219 946 4292 Ζηνόδοτος
965 4224 1074 4297 (codo
1094 4220 1269 4297 Ζηνόδωρος)

94 4305 239 4380 ἐπεκλήθη,
259 4307 384 4380 ὀβελίσας
403 4318 449 4365 καὶ
470 4306 606 4380 ἀθετήσας
620 4306 708 4366 πολλὰ
720 4314 774 4369 τῶν
787 4307 908 4390 Ὀμήρου
921 4313 1001 4368 ruer.
1022 4345 1056 4353 —-
1076 4313 1105 4386 7)
1121 4322 1153 4368 ut
1164 4315 1269 4384 Olearii

95 4401 194 4474 verbis
214 4405 252 4486 (p
272 4403 336 4480 649>
354 4409 428 4470 utar.
817 4397 818 4400 ’
864 4393 866 4399 ’
1095 4393 1097 4399 ’
