3160 5118
799 401 1018 484 ..50m

323 587 559 677 superstitioni
576 593 700 660 deditis
712 597 893 684 praecipue
906 598 1058 683 interest,
1075 601 1316 686 castigationes
1327 603 1497 688 Platonis,

322 707 601 794 philosophorum
617 710 765 776 Homero
781 712 998 779 inimicorum
1013 716 1189 803 principis,
1212 719 1498 803 explicationibus
1568 707 1569 768 Ῐ

322 824 513 910 allegoricis
538 825 675 891 diluere.
721 833 760 892 ut
783 828 977 895 Heraclitus
1000 831 1038 895 in
1061 832 1234 917 allegoriis
1257 816 1497 921 nonnusquam

322 961 341 1004 a
369 941 512 1006 Platone
540 943 726 1008 Homerum
762 943 918 1010 defendit
926 940 949 1025 1)
956 969 964 1028 ;
1000 946 1194 1014 Zenodotus
1228 948 1495 1035 Alexandriana,

322 1055 377 1120 cni
400 1078 590 1142 cognomen
618 1065 690 1124 erat
719 1048 736 1119 ὁ
765 1054 799 1119 ἑν
827 1048 930 1144 docet,
959 1062 1083 1129 librum
1110 1067 1339 1151 'composuisse
1368 1067 1498 1132 dicitur

322 1164 414 1256 Πρὸς
430 1164 596 1235 Πλάτωνα
619 1168 699 1259 περὶ
714 1171 846 1260 urrist),
871 1178 930 1242 sed
947 1177 1011 1244 hoc
1032 1176 1245 1264 incertum³);
1271 1189 1362 1248 certo
1379 1190 1497 1249 tamen

321 1288 441 1353 Aelius
465 1290 630 1376 Serapion
659 1291 775 1358 rhetor
797 1291 967 1360 Hadriani
995 1301 1105 1361 aetate
1133 1297 1258 1363 librum
1287 1299 1424 1384 scripsit
1452 1293 1496 1360 El

321 1396 459 1478 δικαίως
482 1398 626 1466 Πλάτων
643 1396 789 1492 (Όμηρον
817 1399 1003 1494 ἀπέπεμψε
1030 1411 1088 1496 τῆς
1116 1407 1290 1488 πολιτείας
1298 1409 1339 1497 4),·
1375 1416 1495 1480 eadem

320 1527 432 1587 aetate
456 1521 652 1588 Hadrianea
679 1524 850 1610 Telephus
887 1527 1127 1610 grammaticus
1155 1531 1386 1615 Pergamenus
1407 1525 1494 1612 Περὶ

319 1636 379 1722 τῆς
398 1626 545 1723 Ὁμήρου
567 1633 625 1699 καὶ
649 1632 829 1715 Πλάτωνος
852 1635 1044 1726 συμφωνίας
1067 1640 1185 1730 egit⁵);
1213 1647 1360 1712 Dionem
1385 1647 1496 1732 Chry-

320 1749 514 1839 sostomum,
544 1757 602 1841 qui
629 1767 779 1842 vocatur,
804 1759 977 1843 scripsisse
998 1748 1102 1844 Ὑπὲρ
1123 1749 1268 1846 Ὁμήρου
1291 1753 1377 1847 πρὸς
1399 1754 1495 1824 Πλά-

319 1890 406 1932 τωνα
430 1867 457 1931 δ’
481 1867 638 1955 Suidas⁶J
666 1873 786 1939 tradit:
812 1875 955 1940 eandem
979 1877 1243 1942 controversiam
1266 1879 1385 1964 attigit
1408 1886 1493 1945 orat.

317 1988 402 2054 LIII
425 1994 460 2053 et
483 1988 555 2073 LV,
580 2011 657 2054 oum
673 1991 1092 2074 Homerumfdefenderea
1118 2015 1218 2078 quem
1241 1989 1344 2059 alibi⁷
1366 1985 1494 2080 κήρυκα

317 2104 376 2189 τῆς
399 2094 517 2190 ἀρετῆς
540 2108 735 2193 appellaret.
773 2107 883 2173 'tertio
913 2131 946 2192 p.
977 2108 1056 2174 Ohr.
1086 2131 1119 2174 n.
1149 2110 1282 2175 saeculo
1304 2108 1493 2177 Aristocles

316 2221 515 2306 Messenius,
548 2221 768 2310 philosophus
797 2223 971 2289 doctrinae
1000 2224 1244 2310 peripateticae
1252 2221 1276 2304 8)
1308 2225 1493 2312 studiosus,

319 2333 517 2421 quaesivit⁹l
542 2330 689 2423 Πότερον
712 2330 971 2424 σπουδαιότερος
989 2327 1175 2426 Ὅμηροςῆ
1196 2333 1341 2402 Πλάτων
1368 2340 1403 2425 (a
1427 2365 1494 2429 quo

317 2452 521 2519 Aristoclem
557 2477 688 2521 summa
722 2456 946 2523 admiratione
982 2457 1141 2521 affectum
1176 2480 1250 2523 esse
1285 2455 1494 2540 constat).¹⁰)

317 2569 385 2635 iam
409 2592 490 2636 vero
513 2594 638 2657 magna
661 2573 760 2638 turba
775 2573 922 2639 occurrit
943 2569 1220 2658 philosophorum
1236 2575 1493 2641 Platonicorum

315 2687 558 2752 recentiorum:
595 2688 691 2753 ouius
726 2689 925 2775 disciplinae
958 2694 1143 2754 sectatores
1171 2712 1287 2756 omnes
1317 2691 1492 2756 existima·

316 2800 408 2887 bant,
445 2825 483 2868 ea
520 2826 604 2889 quae
637 2803 704 2889 ipsi
739 2803 900 2869 docerent
934 2812 1088 2870 veterum
1123 2805 1192 2871 iam
1224 2807 1360 2892 scriptis
1388 2807 1492 2891 tradi,

316 2917 375 2982 sed
412 2919 495 2984 adeo
530 2920 684 2985 involuta
718 2919 842 2985 fabulis
875 2920 987 3005 miris,
1030 2927 1070 2986 ut
1105 2943 1124 2986 a
1158 2921 1368 3007 sapientibus
1408 2923 1492 2987 solis

315 3039 474 3119 recteque
497 3035 802 3121 interpretantibus
819 3035 1110 3120 intellegerentur.
1149 3038 1232 3103 haec
1248 3037 1492 3124 interpretatio

314 3150 493 3216 inchoatur
517 3174 536 3216 a
559 3147 749 3235 Plotin0,¹¹)
773 3151 990 3217 continuatur
1013 3151 1196 3237 aSyriano
1212 3149 1492 3234 Alexandrinoffl)

315 3272 349 3332 et
373 3268 445 3332 eius
469 3267 637 3354 discipulo
660 3267 794 3332 Proclo:
829 3267 967 3351 Syriani
1002 3269 1092 3352 quod
1127 3267 1171 3333 ad
1199 3269 1386 3334 Homerum
1409 3270 1491 3335 Pla-

315 3391 499 3468 tonemque
515 3384 686 3470 pertineat
702 3383 872 3448 nihilium
889 3391 1043 3469 superest
1058 3390 1180 3469 totum,
1196 3385 1309 3450 Procli
1325 3380 1490 3469 multam)

313 3500 471 3587 inprimis
506 3500 807 3566 commentationes
841 3500 877 3565 in
912 3501 1065 3566 Platonis
1100 3523 1170 3566 rem
1206 3501 1376 3587 publicam
1407 3523 1490 3566 con-

420 3731 448 3796 1)
474 3730 509 3786 cf.
534 3729 770 3799 Schr.1393sq.
803 3758 832 3768 -
862 3727 892 3799 2)
918 3729 1045 3799 Hesych.
1064 3729 1125 3786 Mil.
1153 3749 1180 3802 p.
1198 3731 1235 3785 80
1260 3730 1303 3786 ed.
1323 3730 1422 3786 Flach.
1452 3762 1488 3769 —

312 3817 341 3890 3)
361 3819 397 3877 cf.
418 3820 496 3874 Schr.
516 3820 597 3874 1428
611 3837 673 3892 sqq.
695 3850 727 3857 —
756 3817 784 3887 4)
804 3819 930 3889 Hesyoh.
954 3819 1012 3874 Mil.
1032 3838 1058 3890 p.
1080 3821 1139 3877 191.
1169 3851 1202 3858 -
1232 3819 1260 3888 5)
1279 3819 1405 3890 Hesych.
1425 3820 1488 3875 Mil.

312 3929 339 3982 p.
359 3911 412 3964 210
430 3929 470 3982 sq.
500 3927 566 3966 cum
594 3909 766 3980 Bernhardy
786 3901 970 3980 despuentur
997 3909 1120 3965 scribere
1148 3908 1355 3965 correctionem
1387 3909 1489 3981 potius

313 3999 447 4055 existimo
467 4017 553 4072 quam
573 3997 812 4055 emendationem.
849 4015 885 4053 ex
913 3997 1031 4070 reliquis
1053 3998 1173 4071 Telephi
1192 3997 1308 4069 scriptis
1327 3997 1428 4052 dubito
1448 4017 1487 4052 an

312 4089 480 4160 coniciatur,
499 4107 660 4145 sermonem
680 4088 801 4143 Homeri
816 4087 1004 4158 Platonisque
1017 4107 1035 4142 a
1048 4089 1174 4159 Telepho
1194 4093 1394 4158 comparatum
1413 4105 1487 4142 esse.

241 4185 244 4192 '
311 4180 339 4247 6)
358 4179 484 4249 Hesych.
504 4179 565 4233 Mil.
583 4198 610 4251 p.
630 4179 672 4234 59.
694 4209 725 4217 -
751 4178 778 4249 7)
799 4195 838 4232 or.
857 4178 896 4246 ΙΙ,
915 4178 975 4233 179
985 4178 1021 4232 R.
1050 4207 1083 4216 ·-
1110 4177 1139 4244 8)
1158 4177 1195 4230 cf.
1215 4177 1343 4233 EZeller
1361 4175 1438 4231 Phil.
1458 4177 1486 4232 d.

313 4269 361 4323 Gr.
381 4269 426 4323 III
439 4266 465 4322 1Β
483 4287 509 4339 p.
529 4268 678 4323 785-788.
707 4266 738 4322 O.
757 4268 879 4322 Mueller
896 4267 979 4322 FHG
998 4267 1041 4322 IV
1050 4267 1103 4321 329
1114 4285 1143 4320 n.
1164 4297 1195 4305 -
1225 4267 1254 4334 9)
1273 4265 1402 4336 Hesych.
1422 4265 1484 4321 Mil.

310 4377 338 4430 p.
357 4359 400 4413 26.
420 4389 454 4396 -
480 4359 524 4428 10)
542 4357 578 4414 cf.
598 4357 728 4413 EZeller
746 4358 763 4412 l.
783 4358 802 4412 l.
820 4377 847 4429 p.
866 4358 926 4422 786,
940 4357 966 4411 3.
985 4386 1019 4396 -
1050 4353 1093 4426 11)
1114 4355 1150 4411 cf.
1169 4356 1300 4412 EZeller
1317 4356 1336 4410 l.
1356 4374 1379 4411 c.
1397 4353 1487 4409 ΠΙ28

312 4449 364 4504 622
374 4466 435 4520 sqq.
456 4479 486 4487 -
509 4448 553 4520 12)
563 4449 600 4503 cf.
611 4448 636 4502 Ε
646 4448 740 4502 Zaller
749 4448 767 4502 l.
779 4464 801 4502 c.
812 4447 873 4519 771,
881 4447 907 4501 5.
917 4447 979 4516 763,
992 4447 1016 4502 5.
1037 4475 1070 4485 —-
1091 4444 1136 4517 13)
1147 4444 1182 4500 cf.
1193 4445 1218 4500 Ε
1228 4445 1322 4500 Zeller
1331 4445 1348 4499 l.
1356 4463 1378 4500 c.
1390 4445 1486 4514 uuo.
