<?xml version="1.0" encoding="UTF-8"?>
<!DOCTYPE html PUBLIC "-//W3C//DTD XHTML 1.0 Transitional//EN"
    "http://www.w3.org/TR/xhtml1/DTD/xhtml1-transitional.dtd">
<html xmlns="http://www.w3.org/1999/xhtml" xml:lang="en" lang="en">
 <head>
  <title>
</title>
<meta http-equiv="Content-Type" content="text/html;charset=utf-8" />
  <meta name='ocr-system' content='tesseract 3.04.00' />
  <meta name='ocr-capabilities' content='ocr_page ocr_carea ocr_par ocr_line ocrx_word'/>
</head>
<body>
  <div class='ocr_page' id='page_1' title='image "./dezoiloaliisque00friegoog_0077.png"; bbox 0 0 3160 5118; ppageno 0'>
   <div class='ocr_carea' id='block_1_1' title="bbox 786 443 1004 506">
    <p class='ocr_par' dir='ltr' id='par_1_1' title="bbox 786 443 1004 506">
     <span class='ocr_line' id='line_1_1' title="bbox 786 443 1004 506; baseline 0 -19"><span class='ocrx_word' id='word_1_1' title='bbox 786 443 1004 506; x_wconf 75' lang='grc'>..74-</span> 
     </span>
    </p>
   </div>
   <div class='ocr_carea' id='block_1_2' title="bbox 204 609 1579 3144">
    <p class='ocr_par' dir='ltr' id='par_1_2' title="bbox 204 609 1579 2680">
     <span class='ocr_line' id='line_1_2' title="bbox 311 609 1482 707; baseline 0.007 -29"><span class='ocrx_word' id='word_1_2' title='bbox 311 609 496 700; x_wconf 76' lang='grc' dir='ltr'><em>ἀναγκαῖον,</em></span> <span class='ocrx_word' id='word_1_3' title='bbox 505 616 528 700; x_wconf 84' lang='grc'><em>1)</em></span> <span class='ocrx_word' id='word_1_4' title='bbox 552 614 646 704; x_wconf 83' lang='grc' dir='ltr'><em>ιγασί,</em></span> <span class='ocrx_word' id='word_1_5' title='bbox 675 612 713 680; x_wconf 78' lang='grc' dir='ltr'><em>τὸ</em></span> <span class='ocrx_word' id='word_1_6' title='bbox 735 610 925 706; x_wconf 77' lang='grc' dir='ltr'><em>ἀπόρρητον</em></span> <span class='ocrx_word' id='word_1_7' title='bbox 952 615 1123 703; x_wconf 75' lang='grc' dir='ltr'><em>ἐξενεγκεῖν</em></span> <span class='ocrx_word' id='word_1_8' title='bbox 1146 622 1311 707; x_wconf 75' lang='lat' dir='ltr'><strong>(sequitur</strong></span> <span class='ocrx_word' id='word_1_9' title='bbox 1334 621 1482 700; x_wconf 70' lang='lat' dir='ltr'><strong>solutio).</strong></span> 
     </span>
     <span class='ocr_line' id='line_1_3' title="bbox 311 736 1484 832; baseline 0.001 -31"><span class='ocrx_word' id='word_1_10' title='bbox 311 736 385 819; x_wconf 80' lang='grc' dir='ltr'><em>ΤΒ,</em></span> <span class='ocrx_word' id='word_1_11' title='bbox 416 736 517 832; x_wconf 51' lang='grc' dir='ltr'><em>Βοὴ.</em></span> <span class='ocrx_word' id='word_1_12' title='bbox 542 737 561 802; x_wconf 95' lang='grc' dir='ltr'>Ι</span> <span class='ocrx_word' id='word_1_13' title='bbox 586 739 660 802; x_wconf 90' lang='grc'><em>198.</em></span> <span class='ocrx_word' id='word_1_14' title='bbox 698 773 738 781; x_wconf 88' lang='grc'><em>·-</em></span> <span class='ocrx_word' id='word_1_15' title='bbox 774 739 817 803; x_wconf 82' lang='lat' dir='ltr'><em>ad</em></span> <span class='ocrx_word' id='word_1_16' title='bbox 841 737 1011 804; x_wconf 81' lang='lat' dir='ltr'><strong>Achillem</strong></span> <span class='ocrx_word' id='word_1_17' title='bbox 1040 738 1213 824; x_wconf 82' lang='lat' dir='ltr'><strong>complura</strong></span> <span class='ocrx_word' id='word_1_18' title='bbox 1237 739 1363 804; x_wconf 85' lang='lat' dir='ltr'><strong>scholia</strong></span> <span class='ocrx_word' id='word_1_19' title='bbox 1387 760 1484 824; x_wconf 79' lang='lat' dir='ltr'><strong>spoc-</strong></span> 
     </span>
     <span class='ocr_line' id='line_1_4' title="bbox 310 853 1482 940; baseline 0 -22"><span class='ocrx_word' id='word_1_20' title='bbox 310 860 399 936; x_wconf 49' lang='grc' dir='ltr'><em>δεύῃ</em></span> <span class='ocrx_word' id='word_1_21' title='bbox 435 858 474 917; x_wconf 79' lang='lat' dir='ltr'><em>ut</em></span> <span class='ocrx_word' id='word_1_22' title='bbox 496 855 536 913; x_wconf 88' lang='lat' dir='ltr'><em>A</em></span> <span class='ocrx_word' id='word_1_23' title='bbox 549 853 591 918; x_wconf 90' lang='grc'><em>66</em></span> <span class='ocrx_word' id='word_1_24' title='bbox 626 860 661 918; x_wconf 75' lang='lat' dir='ltr'><em>cl</em></span> <span class='ocrx_word' id='word_1_25' title='bbox 695 854 811 918; x_wconf 76' lang='lat'><strong><em>11225</em></strong></span> <span class='ocrx_word' id='word_1_26' title='bbox 845 854 1082 940; x_wconf 75' lang='lat' dir='ltr'>Pythagoreus</span> <span class='ocrx_word' id='word_1_27' title='bbox 1116 855 1225 938; x_wconf 79' lang='lat' dir='ltr'><strong>magis</strong></span> <span class='ocrx_word' id='word_1_28' title='bbox 1259 854 1482 940; x_wconf 86' lang='lat' dir='ltr'><strong>philosophus</strong></span> 
     </span>
     <span class='ocr_line' id='line_1_5' title="bbox 311 969 1483 1056; baseline 0 -22"><span class='ocrx_word' id='word_1_29' title='bbox 311 991 384 1034; x_wconf 78' lang='lat' dir='ltr'><strong>csse</strong></span> <span class='ocrx_word' id='word_1_30' title='bbox 409 969 527 1034; x_wconf 73' lang='lat' dir='ltr'><strong>&#39;fertur</strong></span> <span class='ocrx_word' id='word_1_31' title='bbox 555 991 655 1054; x_wconf 87' lang='lat' dir='ltr'><strong>quam</strong></span> <span class='ocrx_word' id='word_1_32' title='bbox 683 969 790 1053; x_wconf 58' lang='lat' dir='ltr'><strong>mike,</strong></span> <span class='ocrx_word' id='word_1_33' title='bbox 826 971 906 1056; x_wconf 83' lang='lat' dir='ltr'><strong>quia</strong></span> <span class='ocrx_word' id='word_1_34' title='bbox 933 971 1004 1035; x_wconf 86' lang='lat' dir='ltr'><strong>illic</strong></span> <span class='ocrx_word' id='word_1_35' title='bbox 1035 993 1118 1035; x_wconf 90' lang='lat' dir='ltr'><em>num</em></span> <span class='ocrx_word' id='word_1_36' title='bbox 1141 970 1358 1056; x_wconf 83' lang='lat' dir='ltr'><strong>Appollincm</strong></span> <span class='ocrx_word' id='word_1_37' title='bbox 1383 993 1483 1035; x_wconf 85' lang='lat' dir='ltr'>arno-</span> 
     </span>
     <span class='ocr_line' id='line_1_6' title="bbox 310 1081 1484 1171; baseline 0 -21"><span class='ocrx_word' id='word_1_38' title='bbox 310 1106 385 1150; x_wconf 90' lang='lat' dir='ltr'><em>rum</em></span> <span class='ocrx_word' id='word_1_39' title='bbox 410 1107 651 1170; x_wconf 79' lang='lat' dir='ltr'><strong>caprarumque</strong></span> <span class='ocrx_word' id='word_1_40' title='bbox 675 1086 841 1150; x_wconf 81' lang='lat' dir='ltr'><strong>sacrificia</strong></span> <span class='ocrx_word' id='word_1_41' title='bbox 863 1087 999 1171; x_wconf 72' lang='lat' dir='ltr'><strong>placent</strong></span> <span class='ocrx_word' id='word_1_42' title='bbox 1021 1087 1059 1150; x_wconf 92' lang='lat' dir='ltr'><em>in</em></span> <span class='ocrx_word' id='word_1_43' title='bbox 1084 1085 1224 1152; x_wconf 87' lang='lat' dir='ltr'><strong>dubium</strong></span> <span class='ocrx_word' id='word_1_44' title='bbox 1247 1081 1389 1170; x_wconf 78' lang='lat' dir='ltr'>voeet,2)</span> <span class='ocrx_word' id='word_1_45' title='bbox 1425 1086 1484 1151; x_wconf 88' lang='lat' dir='ltr'><em>hic</em></span> 
     </span>
     <span class='ocr_line' id='line_1_7' title="bbox 310 1193 1484 1288; baseline -0.004 -22"><span class='ocrx_word' id='word_1_46' title='bbox 310 1201 431 1288; x_wconf 89' lang='lat' dir='ltr'><strong>poculo</strong></span> <span class='ocrx_word' id='word_1_47' title='bbox 466 1200 509 1266; x_wconf 84' lang='lat' dir='ltr'><em>ad</em></span> <span class='ocrx_word' id='word_1_48' title='bbox 532 1201 613 1268; x_wconf 88' lang='lat' dir='ltr'><em>vai</em></span> <span class='ocrx_word' id='word_1_49' title='bbox 649 1201 711 1266; x_wconf 88' lang='lat' dir='ltr'><strong>soli</strong></span> <span class='ocrx_word' id='word_1_50' title='bbox 745 1201 921 1267; x_wconf 87' lang='lat' dir='ltr'><strong>libandum</strong></span> <span class='ocrx_word' id='word_1_51' title='bbox 955 1207 1084 1268; x_wconf 74' lang='lat' dir='ltr'><strong>ulatur:</strong></span> <span class='ocrx_word' id='word_1_52' title='bbox 1120 1203 1159 1262; x_wconf 84' lang='lat' dir='ltr'><em>A</em></span> <span class='ocrx_word' id='word_1_53' title='bbox 1173 1203 1215 1267; x_wconf 89' lang='grc'><em>66</em></span> <span class='ocrx_word' id='word_1_54' title='bbox 1244 1193 1484 1286; x_wconf 84' lang='grc' dir='ltr'><em>Πυθαγορικός</em></span> 
     </span>
     <span class='ocr_line' id='line_1_8' title="bbox 311 1306 1482 1402; baseline 0.004 -24"><span class='ocrx_word' id='word_1_55' title='bbox 311 1311 381 1378; x_wconf 78' lang='grc' dir='ltr'><em>ἐστι</em></span> <span class='ocrx_word' id='word_1_56' title='bbox 408 1312 533 1395; x_wconf 84' lang='grc' dir='ltr'><em>μᾶλλον</em></span> <span class='ocrx_word' id='word_1_57' title='bbox 564 1306 586 1402; x_wconf 74' lang='grc' dir='ltr'>ἢ</span> <span class='ocrx_word' id='word_1_58' title='bbox 617 1311 861 1401; x_wconf 54' lang='grc' dir='ltr'><em>στρατιώτηςθ)</em></span> <span class='ocrx_word' id='word_1_59' title='bbox 891 1317 1034 1400; x_wconf 64' lang='lat' dir='ltr'><em>wad</em></span> <span class='ocrx_word' id='word_1_60' title='bbox 1048 1341 1080 1382; x_wconf 88' lang='lat' dir='ltr'><em>v.</em></span> <span class='ocrx_word' id='word_1_61' title='bbox 1099 1318 1151 1382; x_wconf 79' lang='lat'><em>62.</em></span> <span class='ocrx_word' id='word_1_62' title='bbox 1187 1353 1227 1362; x_wconf 92' lang='lat'><em>-</em></span> <span class='ocrx_word' id='word_1_63' title='bbox 1264 1318 1380 1382; x_wconf 71' lang='lat'><strong><em>11225</em></strong></span> <span class='ocrx_word' id='word_1_64' title='bbox 1405 1368 1413 1382; x_wconf 99' lang='grc'><strong>.</strong></span> <span class='ocrx_word' id='word_1_65' title='bbox 1439 1369 1446 1382; x_wconf 96' lang='grc'><strong>.</strong></span> <span class='ocrx_word' id='word_1_66' title='bbox 1475 1368 1482 1382; x_wconf 93' lang='grc'><strong>.</strong></span> 
     </span>
     <span class='ocr_line' id='line_1_9' title="bbox 311 1421 1576 1518; baseline -0.002 -24"><span class='ocrx_word' id='word_1_67' title='bbox 311 1421 348 1494; x_wconf 80' lang='grc' dir='ltr'><em>οὗ</em></span> <span class='ocrx_word' id='word_1_68' title='bbox 372 1425 575 1518; x_wconf 74' lang='grc' dir='ltr'><em>στρατιώτης</em></span> <span class='ocrx_word' id='word_1_69' title='bbox 598 1427 633 1493; x_wconf 81' lang='grc' dir='ltr'><em>δέ</em></span> <span class='ocrx_word' id='word_1_70' title='bbox 661 1422 746 1493; x_wconf 76' lang='grc' dir='ltr'><em>ἀλλὰ</em></span> <span class='ocrx_word' id='word_1_71' title='bbox 774 1425 1010 1518; x_wconf 88' lang='grc' dir='ltr'><em>Πυθαγορικός</em></span> <span class='ocrx_word' id='word_1_72' title='bbox 1037 1454 1089 1508; x_wconf 91' lang='grc' dir='ltr'><em>τις</em></span> <span class='ocrx_word' id='word_1_73' title='bbox 1116 1429 1207 1494; x_wconf 90' lang='grc' dir='ltr'><em>δοκεῖ</em></span> <span class='ocrx_word' id='word_1_74' title='bbox 1235 1425 1362 1506; x_wconf 83' lang='grc' dir='ltr'><em>νεανίας</em></span> <span class='ocrx_word' id='word_1_75' title='bbox 1386 1421 1483 1494; x_wconf 84' lang='grc' dir='ltr'><em>εἶναι.</em></span> <span class='ocrx_word' id='word_1_76' title='bbox 1575 1479 1576 1502; x_wconf 63' lang='lat'><strong>.</strong></span> 
     </span>
     <span class='ocr_line' id='line_1_10' title="bbox 312 1543 1485 1630; baseline -0.003 -18"><span class='ocrx_word' id='word_1_77' title='bbox 312 1548 350 1614; x_wconf 89' lang='grc' dir='ltr'><em>Τ.</em></span> <span class='ocrx_word' id='word_1_78' title='bbox 386 1547 509 1613; x_wconf 80' lang='lat' dir='ltr'><strong>deinde</strong></span> <span class='ocrx_word' id='word_1_79' title='bbox 533 1548 575 1614; x_wconf 80' lang='lat' dir='ltr'><em>dc</em></span> <span class='ocrx_word' id='word_1_80' title='bbox 590 1548 725 1615; x_wconf 81' lang='lat' dir='ltr'>Achille</span> <span class='ocrx_word' id='word_1_81' title='bbox 749 1555 801 1614; x_wconf 75' lang='lat' dir='ltr'><em>esi</em></span> <span class='ocrx_word' id='word_1_82' title='bbox 823 1552 863 1610; x_wconf 87' lang='lat' dir='ltr'><em>A</em></span> <span class='ocrx_word' id='word_1_83' title='bbox 876 1551 941 1614; x_wconf 79' lang='grc'><em>202</em></span> <span class='ocrx_word' id='word_1_84' title='bbox 967 1600 1025 1616; x_wconf 92' lang='grc'><em>...</em></span> <span class='ocrx_word' id='word_1_85' title='bbox 1049 1543 1333 1630; x_wconf 68' lang='grc' dir='ltr'><em>πυνθανομένου4)</em></span> <span class='ocrx_word' id='word_1_86' title='bbox 1356 1545 1485 1627; x_wconf 80' lang='grc' dir='ltr'><em>μᾶλλον</em></span> 
     </span>
     <span class='ocr_line' id='line_1_11' title="bbox 278 1653 1484 1750; baseline 0.003 -25"><span class='ocrx_word' id='word_1_87' title='bbox 278 1655 281 1660; x_wconf 58' lang='grc'><strong>’</strong></span> <span class='ocrx_word' id='word_1_88' title='bbox 311 1653 430 1750; x_wconf 58' lang='lat' dir='ltr'><em>lincol)</em></span> <span class='ocrx_word' id='word_1_89' title='bbox 465 1653 674 1749; x_wconf 72' lang='grc' dir='ltr'><em>ὀργιζομένου</em></span> <span class='ocrx_word' id='word_1_90' title='bbox 698 1654 715 1726; x_wconf 83' lang='grc' dir='ltr'><em>δ</em></span> <span class='ocrx_word' id='word_1_91' title='bbox 740 1656 843 1747; x_wconf 88' lang='grc' dir='ltr'><em>λόγος.</em></span> <span class='ocrx_word' id='word_1_92' title='bbox 892 1666 965 1731; x_wconf 84' lang='grc' dir='ltr'><em>ΤΒ.</em></span> <span class='ocrx_word' id='word_1_93' title='bbox 991 1701 1033 1710; x_wconf 89' lang='grc'><strong>-</strong></span> <span class='ocrx_word' id='word_1_94' title='bbox 1057 1667 1128 1730; x_wconf 82' lang='grc' dir='ltr'><em>Π7</em></span> <span class='ocrx_word' id='word_1_95' title='bbox 1164 1664 1328 1748; x_wconf 82' lang='lat' dir='ltr'><strong>(Achilles</strong></span> <span class='ocrx_word' id='word_1_96' title='bbox 1351 1663 1396 1729; x_wconf 83' lang='lat' dir='ltr'><em>cd</em></span> <span class='ocrx_word' id='word_1_97' title='bbox 1418 1666 1484 1730; x_wconf 87' lang='lat' dir='ltr'><em>Pa-</em></span> 
     </span>
     <span class='ocr_line' id='line_1_12' title="bbox 310 1769 1577 1868; baseline -0.006 -22"><span class='ocrx_word' id='word_1_98' title='bbox 310 1782 452 1846; x_wconf 75' lang='lat' dir='ltr'><strong>troclum</strong></span> <span class='ocrx_word' id='word_1_99' title='bbox 480 1781 619 1846; x_wconf 76' lang='lat' dir='ltr'>flentem</span> <span class='ocrx_word' id='word_1_100' title='bbox 642 1779 807 1864; x_wconf 82' lang='lat' dir='ltr'><strong>Achivos)</strong></span> <span class='ocrx_word' id='word_1_101' title='bbox 841 1774 940 1842; x_wconf 89' lang='grc' dir='ltr'><em>τίπτε</em></span> <span class='ocrx_word' id='word_1_102' title='bbox 963 1772 1172 1868; x_wconf 77' lang='grc' dir='ltr'><em>δεδάκρυσαι]</em></span> <span class='ocrx_word' id='word_1_103' title='bbox 1209 1769 1338 1855; x_wconf 80' lang='grc' dir='ltr'><em>ἷίτοπός</em></span> <span class='ocrx_word' id='word_1_104' title='bbox 1361 1774 1484 1862; x_wconf 57' lang='grc' dir='ltr'><em>ἐστινὸ)</em></span> <span class='ocrx_word' id='word_1_105' title='bbox 1576 1803 1577 1812; x_wconf 48' lang='lat'>¹</span> 
     </span>
     <span class='ocr_line' id='line_1_13' title="bbox 311 1886 1484 1981; baseline -0.001 -24"><span class='ocrx_word' id='word_1_106' title='bbox 311 1886 409 1970; x_wconf 76' lang='grc' dir='ltr'><em>αὐτὸς</em></span> <span class='ocrx_word' id='word_1_107' title='bbox 431 1891 491 1975; x_wconf 81' lang='grc' dir='ltr'><em>μέν</em></span> <span class='ocrx_word' id='word_1_108' title='bbox 514 1891 605 1958; x_wconf 69' lang='grc' dir='ltr'><em>ἕνεκα</em></span> <span class='ocrx_word' id='word_1_109' title='bbox 630 1889 837 1971; x_wconf 76' lang='grc' dir='ltr'><em>παλλακίδος</em></span> <span class='ocrx_word' id='word_1_110' title='bbox 859 1887 1013 1980; x_wconf 70' lang='grc' dir='ltr'><em>κλύων,7)</em></span> <span class='ocrx_word' id='word_1_111' title='bbox 1036 1888 1093 1958; x_wconf 89' lang='grc' dir='ltr'><em>τδν</em></span> <span class='ocrx_word' id='word_1_112' title='bbox 1116 1892 1152 1958; x_wconf 83' lang='grc' dir='ltr'><em>δὲ</em></span> <span class='ocrx_word' id='word_1_113' title='bbox 1173 1888 1368 1979; x_wconf 82' lang='grc' dir='ltr'><em>Πάτροκλον</em></span> <span class='ocrx_word' id='word_1_114' title='bbox 1383 1887 1484 1981; x_wconf 83' lang='grc' dir='ltr'><em>κόρην</em></span> 
     </span>
     <span class='ocr_line' id='line_1_14' title="bbox 309 2003 1578 2097; baseline 0.004 -25"><span class='ocrx_word' id='word_1_115' title='bbox 309 2009 419 2073; x_wconf 77' lang='grc' dir='ltr'><em>καλῶν</em></span> <span class='ocrx_word' id='word_1_116' title='bbox 466 2007 526 2073; x_wconf 80' lang='grc' dir='ltr'><em>ἐπὶ</em></span> <span class='ocrx_word' id='word_1_117' title='bbox 569 2003 699 2086; x_wconf 81' lang='grc' dir='ltr'><em>τούτοις</em></span> <span class='ocrx_word' id='word_1_118' title='bbox 742 2009 862 2086; x_wconf 80' lang='grc' dir='ltr'><em>δεινοῖς</em></span> <span class='ocrx_word' id='word_1_119' title='bbox 905 2003 1095 2095; x_wconf 88' lang='grc' dir='ltr'><em>δακρύοντα.</em></span> <span class='ocrx_word' id='word_1_120' title='bbox 1142 2012 1224 2097; x_wconf 75' lang='lat' dir='ltr'><strong>(seq.</strong></span> <span class='ocrx_word' id='word_1_121' title='bbox 1271 2011 1482 2093; x_wconf 77' lang='lat' dir='ltr'><strong>solutiones).</strong></span> <span class='ocrx_word' id='word_1_122' title='bbox 1577 2079 1578 2096; x_wconf 23' lang='grc' dir='ltr'><em>η</em></span> 
     </span>
     <span class='ocr_line' id='line_1_15' title="bbox 204 2107 1483 2213; baseline -0.005 -19"><span class='ocrx_word' id='word_1_123' title='bbox 204 2107 206 2113; x_wconf 27' lang='lat'><strong>¹</strong></span> <span class='ocrx_word' id='word_1_124' title='bbox 309 2128 348 2209; x_wconf 80' lang='grc' dir='ltr'><em>Τ,</em></span> <span class='ocrx_word' id='word_1_125' title='bbox 379 2130 452 2194; x_wconf 82' lang='lat' dir='ltr'>fere</span> <span class='ocrx_word' id='word_1_126' title='bbox 480 2129 572 2194; x_wconf 81' lang='lat' dir='ltr'><strong>idem</strong></span> <span class='ocrx_word' id='word_1_127' title='bbox 595 2130 635 2212; x_wconf 90' lang='lat' dir='ltr'><em>B,</em></span> <span class='ocrx_word' id='word_1_128' title='bbox 672 2129 907 2195; x_wconf 77' lang='lat' dir='ltr'><strong>sehr.1208.</strong></span> <span class='ocrx_word' id='word_1_129' title='bbox 942 2165 983 2174; x_wconf 94' lang='lat'><em>-</em></span> <span class='ocrx_word' id='word_1_130' title='bbox 1020 2130 1114 2193; x_wconf 76' lang='lat'><em>1158</em></span> <span class='ocrx_word' id='word_1_131' title='bbox 1141 2119 1200 2213; x_wconf 79' lang='grc' dir='ltr'><em>τὴν</em></span> <span class='ocrx_word' id='word_1_132' title='bbox 1230 2116 1283 2210; x_wconf 72' lang='grc' dir='ltr'><em>ὂψ</em></span> <span class='ocrx_word' id='word_1_133' title='bbox 1306 2122 1343 2188; x_wconf 83' lang='grc' dir='ltr'><em>ἐκ</em></span> <span class='ocrx_word' id='word_1_134' title='bbox 1365 2127 1483 2210; x_wconf 79' lang='grc' dir='ltr'><em>χειρῶν</em></span> 
     </span>
     <span class='ocr_line' id='line_1_16' title="bbox 310 2232 1484 2330; baseline 0 -26"><span class='ocrx_word' id='word_1_135' title='bbox 310 2239 400 2307; x_wconf 72' lang='grc' dir='ltr'><em>ἕλετο</em></span> <span class='ocrx_word' id='word_1_136' title='bbox 424 2237 540 2328; x_wconf 89' lang='grc' dir='ltr'><em>κρείων</em></span> <span class='ocrx_word' id='word_1_137' title='bbox 560 2233 771 2326; x_wconf 78' lang='grc' dir='ltr'><em>Ἀγαμέμνων</em></span> <span class='ocrx_word' id='word_1_138' title='bbox 805 2245 930 2330; x_wconf 71' lang='lat' dir='ltr'><strong>(inquil</strong></span> <span class='ocrx_word' id='word_1_139' title='bbox 953 2245 1104 2311; x_wconf 75' lang='lat' dir='ltr'><strong>Achilles</strong></span> <span class='ocrx_word' id='word_1_140' title='bbox 1128 2244 1170 2309; x_wconf 83' lang='lat' dir='ltr'><em>dc</em></span> <span class='ocrx_word' id='word_1_141' title='bbox 1193 2243 1373 2328; x_wconf 68' lang='lat' dir='ltr'><strong>Briscidcll</strong></span> <span class='ocrx_word' id='word_1_142' title='bbox 1408 2232 1484 2305; x_wconf 80' lang='grc' dir='ltr'><em>σύτο</em></span> 
     </span>
     <span class='ocr_line' id='line_1_17' title="bbox 310 2349 1579 2446; baseline -0.002 -23"><span class='ocrx_word' id='word_1_143' title='bbox 310 2353 349 2423; x_wconf 84' lang='grc' dir='ltr'><em>τὸ</em></span> <span class='ocrx_word' id='word_1_144' title='bbox 384 2354 517 2444; x_wconf 60' lang='grc' dir='ltr'><em>,κρείωνι</em></span> <span class='ocrx_word' id='word_1_145' title='bbox 551 2349 694 2444; x_wconf 79' lang='grc' dir='ltr'><em>ἁρμόζον</em></span> <span class='ocrx_word' id='word_1_146' title='bbox 720 2356 830 2446; x_wconf 72' lang='grc' dir='ltr'><em>έχθρηῑ</em></span> <span class='ocrx_word' id='word_1_147' title='bbox 864 2352 958 2445; x_wconf 75' lang='grc' dir='ltr'><em>παρὰ</em></span> <span class='ocrx_word' id='word_1_148' title='bbox 981 2355 1103 2444; x_wconf 77' lang='grc' dir='ltr'><em>ἐχθροῦ</em></span> <span class='ocrx_word' id='word_1_149' title='bbox 1127 2349 1200 2421; x_wconf 80' lang='grc' dir='ltr'><em>ούτε</em></span> <span class='ocrx_word' id='word_1_150' title='bbox 1222 2351 1261 2421; x_wconf 84' lang='grc' dir='ltr'><em>τὸ</em></span> <span class='ocrx_word' id='word_1_151' title='bbox 1297 2354 1344 2437; x_wconf 81' lang='grc' dir='ltr'><em>,ἐκ</em></span> <span class='ocrx_word' id='word_1_152' title='bbox 1365 2358 1484 2445; x_wconf 80' lang='grc' dir='ltr'><em>χειρῶν</em></span> <span class='ocrx_word' id='word_1_153' title='bbox 1578 2351 1579 2354; x_wconf 33' lang='grc'><strong>“</strong></span> 
     </span>
     <span class='ocr_line' id='line_1_18' title="bbox 310 2466 1485 2564; baseline 0 -26"><span class='ocrx_word' id='word_1_154' title='bbox 310 2472 434 2560; x_wconf 69' lang='grc' dir='ltr'><em>έλετοθ)</em></span> <span class='ocrx_word' id='word_1_155' title='bbox 469 2513 512 2523; x_wconf 99' lang='grc'>-</span> <span class='ocrx_word' id='word_1_156' title='bbox 545 2466 766 2559; x_wconf 56' lang='grc' dir='ltr'><em>Ἀγαμέμνων(</em></span> <span class='ocrx_word' id='word_1_157' title='bbox 801 2467 940 2564; x_wconf 78' lang='grc' dir='ltr'><em>ἀληθές·</em></span> <span class='ocrx_word' id='word_1_158' title='bbox 977 2469 1008 2539; x_wconf 79' lang='grc' dir='ltr'><em>οἱ</em></span> <span class='ocrx_word' id='word_1_159' title='bbox 1038 2468 1098 2559; x_wconf 77' lang='grc' dir='ltr'><em>γὰρ</em></span> <span class='ocrx_word' id='word_1_160' title='bbox 1129 2466 1263 2561; x_wconf 78' lang='grc' dir='ltr'><em>κη’ρυκες</em></span> <span class='ocrx_word' id='word_1_161' title='bbox 1291 2470 1485 2560; x_wconf 79' lang='grc' dir='ltr'><em>παρέλαβον</em></span> 
     </span>
     <span class='ocr_line' id='line_1_19' title="bbox 310 2583 1105 2680; baseline 0.004 -26"><span class='ocrx_word' id='word_1_162' title='bbox 310 2583 419 2680; x_wconf 79' lang='grc' dir='ltr'><em>αὐτην.</em></span> <span class='ocrx_word' id='word_1_163' title='bbox 466 2589 580 2678; x_wconf 81' lang='grc' dir='ltr'><em>ῥητέον</em></span> <span class='ocrx_word' id='word_1_164' title='bbox 602 2589 638 2655; x_wconf 85' lang='grc' dir='ltr'><em>δέ</em></span> <span class='ocrx_word' id='word_1_165' title='bbox 660 2591 729 2656; x_wconf 91' lang='grc' dir='ltr'><em>κτλ.</em></span> <span class='ocrx_word' id='word_1_166' title='bbox 776 2595 847 2680; x_wconf 79' lang='grc' dir='ltr'><em>ΤΒ,</em></span> <span class='ocrx_word' id='word_1_167' title='bbox 871 2595 965 2660; x_wconf 85' lang='lat' dir='ltr'><strong>Schr.</strong></span> <span class='ocrx_word' id='word_1_168' title='bbox 989 2595 1007 2659; x_wconf 94' lang='lat' dir='ltr'>I</span> <span class='ocrx_word' id='word_1_169' title='bbox 1030 2594 1105 2660; x_wconf 81' lang='lat'><strong>209.</strong></span> 
     </span>
    </p>

    <p class='ocr_par' dir='ltr' id='par_1_3' title="bbox 309 2709 1486 3144">
     <span class='ocr_line' id='line_1_20' title="bbox 415 2709 1484 2796; baseline -0.002 -18"><span class='ocrx_word' id='word_1_170' title='bbox 415 2711 464 2778; x_wconf 77' lang='lat' dir='ltr'><em>Ul</em></span> <span class='ocrx_word' id='word_1_171' title='bbox 487 2711 524 2776; x_wconf 89' lang='lat' dir='ltr'><em>in</em></span> <span class='ocrx_word' id='word_1_172' title='bbox 545 2709 680 2776; x_wconf 83' lang='lat' dir='ltr'><strong>Achille</strong></span> <span class='ocrx_word' id='word_1_173' title='bbox 704 2712 814 2777; x_wconf 88' lang='lat' dir='ltr'><strong>sicin</strong></span> <span class='ocrx_word' id='word_1_174' title='bbox 828 2711 931 2777; x_wconf 87' lang='lat' dir='ltr'><strong>Ulixc</strong></span> <span class='ocrx_word' id='word_1_175' title='bbox 955 2732 1087 2796; x_wconf 87' lang='lat' dir='ltr'><strong>quoque</strong></span> <span class='ocrx_word' id='word_1_176' title='bbox 1110 2709 1274 2774; x_wconf 82' lang='lat' dir='ltr'><strong>nonnulla</strong></span> <span class='ocrx_word' id='word_1_177' title='bbox 1297 2732 1366 2775; x_wconf 92' lang='lat' dir='ltr'><em>non</em></span> <span class='ocrx_word' id='word_1_178' title='bbox 1389 2718 1484 2776; x_wconf 79' lang='lat' dir='ltr'><strong>recte</strong></span> 
     </span>
     <span class='ocr_line' id='line_1_21' title="bbox 309 2815 1486 2911; baseline -0.004 -20"><span class='ocrx_word' id='word_1_179' title='bbox 309 2833 444 2892; x_wconf 65' lang='lat' dir='ltr'><strong>narrata</strong></span> <span class='ocrx_word' id='word_1_180' title='bbox 467 2849 541 2892; x_wconf 83' lang='lat' dir='ltr'><strong>cssc</strong></span> <span class='ocrx_word' id='word_1_181' title='bbox 564 2828 736 2893; x_wconf 76' lang='lat' dir='ltr'><strong>feruntur:</strong></span> <span class='ocrx_word' id='word_1_182' title='bbox 764 2829 794 2888; x_wconf 90' lang='lat' dir='ltr'><em>B</em></span> <span class='ocrx_word' id='word_1_183' title='bbox 813 2827 875 2892; x_wconf 88' lang='grc'><em>199</em></span> <span class='ocrx_word' id='word_1_184' title='bbox 898 2817 956 2887; x_wconf 83' lang='grc' dir='ltr'><em>τὸν</em></span> <span class='ocrx_word' id='word_1_185' title='bbox 978 2817 1137 2911; x_wconf 78' lang='grc' dir='ltr'><em>σκήπτρῳ</em></span> <span class='ocrx_word' id='word_1_186' title='bbox 1161 2815 1334 2908; x_wconf 82' lang='grc' dir='ltr'><em>ἐλοίσασκε]</em></span> <span class='ocrx_word' id='word_1_187' title='bbox 1359 2817 1486 2900; x_wconf 84' lang='grc' dir='ltr'><em>δόξειεν</em></span> 
     </span>
     <span class='ocr_line' id='line_1_22' title="bbox 309 2930 1486 3027; baseline 0.001 -25"><span class='ocrx_word' id='word_1_188' title='bbox 309 2931 407 3023; x_wconf 54' lang='lat' dir='ltr'><strong>(ciffi)</strong></span> <span class='ocrx_word' id='word_1_189' title='bbox 444 2936 501 3002; x_wconf 87' lang='grc' dir='ltr'><em>καί</em></span> <span class='ocrx_word' id='word_1_190' title='bbox 537 2941 634 3005; x_wconf 80' lang='grc' dir='ltr'><em>τοῦτο</em></span> <span class='ocrx_word' id='word_1_191' title='bbox 671 2931 754 3004; x_wconf 80' lang='grc' dir='ltr'><em>εἶναι</em></span> <span class='ocrx_word' id='word_1_192' title='bbox 789 2931 917 3024; x_wconf 77' lang='grc' dir='ltr'><em>δι’λογον,</em></span> <span class='ocrx_word' id='word_1_193' title='bbox 958 2930 1010 3003; x_wconf 81' lang='grc' dir='ltr'><em>ὅτι</em></span> <span class='ocrx_word' id='word_1_194' title='bbox 1048 2940 1107 3026; x_wconf 75' lang='grc' dir='ltr'><em>τῆς</em></span> <span class='ocrx_word' id='word_1_195' title='bbox 1139 2930 1286 3026; x_wconf 76' lang='grc' dir='ltr'><em>Ἀθηνᾶς</em></span> <span class='ocrx_word' id='word_1_196' title='bbox 1320 2933 1486 3027; x_wconf 77' lang='grc' dir='ltr'><em>εἰπούσης</em></span> 
     </span>
     <span class='ocr_line' id='line_1_23' title="bbox 310 3047 1486 3144; baseline -0.004 -20"><span class='ocrx_word' id='word_1_197' title='bbox 310 3062 351 3138; x_wconf 83' lang='lat' dir='ltr'><em>(v.</em></span> <span class='ocrx_word' id='word_1_198' title='bbox 379 3057 465 3141; x_wconf 86' lang='lat'>180),</span> <span class='ocrx_word' id='word_1_199' title='bbox 501 3057 584 3136; x_wconf 86' lang='grc' dir='ltr'><em>,σοῖς</em></span> <span class='ocrx_word' id='word_1_200' title='bbox 612 3047 786 3141; x_wconf 54' lang='grc' dir='ltr'><em>δ’ἆγανοῖς(</em></span> <span class='ocrx_word' id='word_1_201' title='bbox 825 3051 978 3144; x_wconf 79' lang='grc' dir='ltr'><em>φαίνεται</em></span> <span class='ocrx_word' id='word_1_202' title='bbox 1006 3049 1141 3118; x_wconf 90' lang='grc' dir='ltr'><em>τύπτων</em></span> <span class='ocrx_word' id='word_1_203' title='bbox 1164 3048 1265 3134; x_wconf 84' lang='grc' dir='ltr'><em>τινοίς,</em></span> <span class='ocrx_word' id='word_1_204' title='bbox 1302 3047 1347 3131; x_wconf 80' lang='grc' dir='ltr'><em>ὡς</em></span> <span class='ocrx_word' id='word_1_205' title='bbox 1369 3080 1486 3140; x_wconf 88' lang='grc' dir='ltr'><em>παρα-</em></span> 
     </span>
    </p>
   </div>
   <div class='ocr_carea' id='block_1_3' title="bbox 239 3161 1485 3260">
    <p class='ocr_par' dir='ltr' id='par_1_4' title="bbox 239 3161 1485 3260">
     <span class='ocr_line' id='line_1_24' title="bbox 239 3161 1485 3260; baseline 0.001 -25"><span class='ocrx_word' id='word_1_206' title='bbox 239 3193 241 3198; x_wconf 84' lang='grc'><strong>’</strong></span> <span class='ocrx_word' id='word_1_207' title='bbox 309 3167 415 3236; x_wconf 91' lang='grc' dir='ltr'><em>κούων</em></span> <span class='ocrx_word' id='word_1_208' title='bbox 437 3173 504 3260; x_wconf 75' lang='grc' dir='ltr'><em>τῆς</em></span> <span class='ocrx_word' id='word_1_209' title='bbox 518 3173 610 3252; x_wconf 81' lang='grc' dir='ltr'><em>θεοῦ,</em></span> <span class='ocrx_word' id='word_1_210' title='bbox 636 3164 719 3258; x_wconf 79' lang='grc' dir='ltr'><em>ὅπερ</em></span> <span class='ocrx_word' id='word_1_211' title='bbox 740 3164 882 3258; x_wconf 75' lang='grc' dir='ltr'><em>ἁρμόζον</em></span> <span class='ocrx_word' id='word_1_212' title='bbox 909 3163 1061 3252; x_wconf 77' lang='grc' dir='ltr'><em>ούδαμῶς</em></span> <span class='ocrx_word' id='word_1_213' title='bbox 1084 3167 1145 3233; x_wconf 79' lang='grc' dir='ltr'><em>ἐπὶ</em></span> <span class='ocrx_word' id='word_1_214' title='bbox 1163 3161 1356 3247; x_wconf 80' lang='grc' dir='ltr'><em>Ὀδυσσέως.</em></span> <span class='ocrx_word' id='word_1_215' title='bbox 1392 3168 1485 3258; x_wconf 83' lang='grc' dir='ltr'><em>έροῦ-</em></span> 
     </span>
    </p>
   </div>
   <div class='ocr_carea' id='block_1_4' title="bbox 308 3279 1486 3608">
    <p class='ocr_par' dir='ltr' id='par_1_5' title="bbox 308 3279 1486 3608">
     <span class='ocr_line' id='line_1_25' title="bbox 308 3279 1486 3376; baseline 0.004 -25"><span class='ocrx_word' id='word_1_216' title='bbox 308 3311 367 3369; x_wconf 86' lang='grc' dir='ltr'><em>μεν</em></span> <span class='ocrx_word' id='word_1_217' title='bbox 390 3285 426 3351; x_wconf 84' lang='grc' dir='ltr'><em>δὲ</em></span> <span class='ocrx_word' id='word_1_218' title='bbox 449 3279 503 3352; x_wconf 75' lang='grc' dir='ltr'><em>ὅτι</em></span> <span class='ocrx_word' id='word_1_219' title='bbox 526 3280 546 3376; x_wconf 78' lang='grc' dir='ltr'>ἡ</span> <span class='ocrx_word' id='word_1_220' title='bbox 569 3283 708 3376; x_wconf 90' lang='grc' dir='ltr'><em>μίμησις</em></span> <span class='ocrx_word' id='word_1_221' title='bbox 732 3280 791 3353; x_wconf 84' lang='grc' dir='ltr'><em>ούκ</em></span> <span class='ocrx_word' id='word_1_222' title='bbox 814 3280 946 3372; x_wconf 82' lang='grc' dir='ltr'><em>ἷίλογος·</em></span> <span class='ocrx_word' id='word_1_223' title='bbox 971 3280 1009 3351; x_wconf 81' lang='grc' dir='ltr'><em>τὸ</em></span> <span class='ocrx_word' id='word_1_224' title='bbox 1034 3281 1094 3372; x_wconf 76' lang='grc' dir='ltr'><em>γολρ</em></span> <span class='ocrx_word' id='word_1_225' title='bbox 1111 3287 1179 3350; x_wconf 90' lang='grc' dir='ltr'><em>κτλ.</em></span> <span class='ocrx_word' id='word_1_226' title='bbox 1217 3291 1255 3372; x_wconf 81' lang='grc' dir='ltr'><em>Τ,</em></span> <span class='ocrx_word' id='word_1_227' title='bbox 1280 3290 1371 3354; x_wconf 82' lang='lat' dir='ltr'><strong>idem</strong></span> <span class='ocrx_word' id='word_1_228' title='bbox 1389 3290 1486 3356; x_wconf 83' lang='lat' dir='ltr'><strong>simi-</strong></span> 
     </span>
     <span class='ocr_line' id='line_1_26' title="bbox 308 3393 1485 3481; baseline -0.003 -9"><span class='ocrx_word' id='word_1_229' title='bbox 308 3408 388 3472; x_wconf 76' lang='lat' dir='ltr'><strong>liter</strong></span> <span class='ocrx_word' id='word_1_230' title='bbox 410 3408 450 3472; x_wconf 94' lang='lat' dir='ltr'><em>B.</em></span> <span class='ocrx_word' id='word_1_231' title='bbox 476 3407 683 3473; x_wconf 80' lang='lat' dir='ltr'><strong>Schr.129.</strong></span> <span class='ocrx_word' id='word_1_232' title='bbox 710 3443 751 3452; x_wconf 88' lang='lat'>-</span> <span class='ocrx_word' id='word_1_233' title='bbox 775 3407 889 3472; x_wconf 84' lang='grc' dir='ltr'><strong>Λ446</strong></span> <span class='ocrx_word' id='word_1_234' title='bbox 914 3455 921 3467; x_wconf 97' lang='grc'><strong>.</strong></span> <span class='ocrx_word' id='word_1_235' title='bbox 947 3457 953 3472; x_wconf 93' lang='grc'><strong>.</strong></span> <span class='ocrx_word' id='word_1_236' title='bbox 979 3457 986 3472; x_wconf 94' lang='grc'><strong>.</strong></span> <span class='ocrx_word' id='word_1_237' title='bbox 1012 3394 1070 3467; x_wconf 86' lang='grc' dir='ltr'><em>ούκ</em></span> <span class='ocrx_word' id='word_1_238' title='bbox 1094 3394 1222 3467; x_wconf 74' lang='grc' dir='ltr'><em>ἄτοπον</em></span> <span class='ocrx_word' id='word_1_239' title='bbox 1237 3400 1274 3466; x_wconf 81' lang='grc' dir='ltr'><em>δὲ</em></span> <span class='ocrx_word' id='word_1_240' title='bbox 1290 3393 1485 3481; x_wconf 73' lang='grc' dir='ltr'><em>ἀλαζονεύε-</em></span> 
     </span>
     <span class='ocr_line' id='line_1_27' title="bbox 309 3511 1484 3608; baseline 0.003 -23"><span class='ocrx_word' id='word_1_241' title='bbox 309 3523 395 3585; x_wconf 87' lang='grc' dir='ltr'><em>σθαι</em></span> <span class='ocrx_word' id='word_1_242' title='bbox 415 3511 576 3586; x_wconf 83' lang='grc' dir='ltr'><em>Ὀδυσσέα</em></span> <span class='ocrx_word' id='word_1_243' title='bbox 604 3523 648 3602; x_wconf 88' lang='lat' dir='ltr'><em>(v.</em></span> <span class='ocrx_word' id='word_1_244' title='bbox 672 3523 738 3588; x_wconf 82' lang='lat'><em>441</em></span> <span class='ocrx_word' id='word_1_245' title='bbox 763 3525 848 3608; x_wconf 79' lang='lat' dir='ltr'><strong>sqq.)</strong></span> <span class='ocrx_word' id='word_1_246' title='bbox 877 3511 1033 3606; x_wconf 82' lang='grc' dir='ltr'><em>ἷίρξαντος</em></span> <span class='ocrx_word' id='word_1_247' title='bbox 1056 3515 1179 3583; x_wconf 77' lang='grc' dir='ltr'><em>ἐκείνου</em></span> <span class='ocrx_word' id='word_1_248' title='bbox 1208 3521 1309 3603; x_wconf 73' lang='lat' dir='ltr'><strong>(dicit</strong></span> <span class='ocrx_word' id='word_1_249' title='bbox 1333 3522 1484 3608; x_wconf 82' lang='lat' dir='ltr'><strong>Sccum)‚</strong></span> 
     </span>
    </p>
   </div>
   <div class='ocr_carea' id='block_1_5' title="bbox 194 3628 1486 3725">
    <p class='ocr_par' dir='ltr' id='par_1_6' title="bbox 194 3628 1486 3725">
     <span class='ocr_line' id='line_1_28' title="bbox 194 3628 1486 3725; baseline 0 -25"><span class='ocrx_word' id='word_1_250' title='bbox 194 3706 196 3710; x_wconf 57' lang='grc'><strong>,</strong></span> <span class='ocrx_word' id='word_1_251' title='bbox 309 3633 367 3700; x_wconf 86' lang='grc' dir='ltr'><em>καὶ</em></span> <span class='ocrx_word' id='word_1_252' title='bbox 391 3628 442 3700; x_wconf 82' lang='grc' dir='ltr'><em>δτι</em></span> <span class='ocrx_word' id='word_1_253' title='bbox 458 3629 536 3722; x_wconf 78' lang='grc' dir='ltr'><em>παρ’</em></span> <span class='ocrx_word' id='word_1_254' title='bbox 558 3628 668 3721; x_wconf 84' lang='grc' dir='ltr'><em>ὀλίγον</em></span> <span class='ocrx_word' id='word_1_255' title='bbox 691 3639 769 3722; x_wconf 90' lang='grc'><strong>(446</strong></span> <span class='ocrx_word' id='word_1_256' title='bbox 786 3638 872 3725; x_wconf 86' lang='lat' dir='ltr'>sqq.)</span> <span class='ocrx_word' id='word_1_257' title='bbox 897 3628 1096 3724; x_wconf 75' lang='grc' dir='ltr'><em>ἀνῃρημένος</em></span> <span class='ocrx_word' id='word_1_258' title='bbox 1111 3629 1288 3722; x_wconf 77' lang='grc' dir='ltr'><em>κεκράτηκε</em></span> <span class='ocrx_word' id='word_1_259' title='bbox 1304 3637 1363 3700; x_wconf 79' lang='grc' dir='ltr'><em>τοῦ</em></span> <span class='ocrx_word' id='word_1_260' title='bbox 1378 3635 1486 3700; x_wconf 87' lang='grc' dir='ltr'><em>πολε-</em></span> 
     </span>
    </p>
   </div>
   <div class='ocr_carea' id='block_1_6' title="bbox 308 3748 1487 4074">
    <p class='ocr_par' dir='ltr' id='par_1_7' title="bbox 308 3748 1487 4074">
     <span class='ocr_line' id='line_1_29' title="bbox 308 3748 491 3834; baseline 0.033 -18"><span class='ocrx_word' id='word_1_261' title='bbox 308 3748 396 3834; x_wconf 92' lang='grc' dir='ltr'><em>μίου.</em></span> <span class='ocrx_word' id='word_1_262' title='bbox 421 3756 491 3822; x_wconf 82' lang='grc' dir='ltr'><em>ΤΒ.</em></span> 
     </span>
     <span class='ocr_line' id='line_1_30' title="bbox 416 3871 1486 3958; baseline -0.002 -20"><span class='ocrx_word' id='word_1_263' title='bbox 416 3873 541 3938; x_wconf 76' lang='lat' dir='ltr'>Nestor</span> <span class='ocrx_word' id='word_1_264' title='bbox 574 3872 742 3937; x_wconf 78' lang='lat' dir='ltr'><strong>Gerenius</strong></span> <span class='ocrx_word' id='word_1_265' title='bbox 775 3872 956 3958; x_wconf 77' lang='lat' dir='ltr'><strong>respicitur</strong></span> <span class='ocrx_word' id='word_1_266' title='bbox 990 3871 1141 3936; x_wconf 83' lang='lat' dir='ltr'><strong>scholiis:</strong></span> <span class='ocrx_word' id='word_1_267' title='bbox 1178 3871 1210 3931; x_wconf 81' lang='grc' dir='ltr'><em>Α</em></span> <span class='ocrx_word' id='word_1_268' title='bbox 1220 3871 1285 3936; x_wconf 78' lang='grc'><em>297</em></span> <span class='ocrx_word' id='word_1_269' title='bbox 1323 3871 1373 3953; x_wconf 85' lang='lat' dir='ltr'><em>(in</em></span> <span class='ocrx_word' id='word_1_270' title='bbox 1409 3871 1486 3937; x_wconf 84' lang='lat' dir='ltr'><strong>acic</strong></span> 
     </span>
     <span class='ocr_line' id='line_1_31' title="bbox 309 3976 1487 4074; baseline -0.006 -20"><span class='ocrx_word' id='word_1_271' title='bbox 309 4011 387 4054; x_wconf 85' lang='lat' dir='ltr'>suos</span> <span class='ocrx_word' id='word_1_272' title='bbox 415 3987 570 4070; x_wconf 75' lang='lat' dir='ltr'><strong>collocat)</strong></span> <span class='ocrx_word' id='word_1_273' title='bbox 604 3981 740 4074; x_wconf 74' lang='grc' dir='ltr'><em>ἱππῆας</em></span> <span class='ocrx_word' id='word_1_274' title='bbox 772 3983 832 4068; x_wconf 83' lang='grc' dir='ltr'><em>μὲν</em></span> <span class='ocrx_word' id='word_1_275' title='bbox 866 3985 995 4072; x_wconf 78' lang='grc' dir='ltr'><em>πρῶτα]</em></span> <span class='ocrx_word' id='word_1_276' title='bbox 1037 3976 1073 4049; x_wconf 81' lang='grc' dir='ltr'><em>οὐ</em></span> <span class='ocrx_word' id='word_1_277' title='bbox 1109 3978 1256 4064; x_wconf 86' lang='grc' dir='ltr'><em>δεόντως,</em></span> <span class='ocrx_word' id='word_1_278' title='bbox 1292 3979 1386 4072; x_wconf 83' lang='grc' dir='ltr'><em>φασί,</em></span> <span class='ocrx_word' id='word_1_279' title='bbox 1423 3980 1487 4072; x_wconf 80' lang='grc' dir='ltr'><em>την</em></span> 
     </span>
    </p>
   </div>
   <div class='ocr_carea' id='block_1_7' title="bbox 308 4192 1486 4548">
    <p class='ocr_par' dir='ltr' id='par_1_8' title="bbox 308 4192 1486 4548">
     <span class='ocr_line' id='line_1_32' title="bbox 417 4192 1485 4270; baseline 0.002 -18"><span class='ocrx_word' id='word_1_280' title='bbox 417 4203 442 4268; x_wconf 91' lang='grc'><em>1)</em></span> <span class='ocrx_word' id='word_1_281' title='bbox 472 4193 628 4270; x_wconf 78' lang='grc' dir='ltr'><em>ἀναγκαίως</em></span> <span class='ocrx_word' id='word_1_282' title='bbox 648 4230 678 4239; x_wconf 94' lang='grc'>-</span> <span class='ocrx_word' id='word_1_283' title='bbox 701 4192 841 4269; x_wconf 75' lang='grc' dir='ltr'><em>ἐξήνεγκεν</em></span> <span class='ocrx_word' id='word_1_284' title='bbox 860 4201 892 4256; x_wconf 94' lang='lat' dir='ltr'><em>B.</em></span> <span class='ocrx_word' id='word_1_285' title='bbox 923 4230 954 4238; x_wconf 91' lang='lat'><em>-</em></span> <span class='ocrx_word' id='word_1_286' title='bbox 984 4197 1013 4269; x_wconf 80' lang='lat'><em>2)</em></span> <span class='ocrx_word' id='word_1_287' title='bbox 1041 4199 1077 4253; x_wconf 84' lang='lat' dir='ltr'><em>cf.</em></span> <span class='ocrx_word' id='word_1_288' title='bbox 1098 4198 1228 4254; x_wconf 83' lang='lat' dir='ltr'><strong>EZeller</strong></span> <span class='ocrx_word' id='word_1_289' title='bbox 1254 4197 1362 4253; x_wconf 87' lang='lat' dir='ltr'><strong>Philos.</strong></span> <span class='ocrx_word' id='word_1_290' title='bbox 1382 4198 1408 4252; x_wconf 88' lang='lat' dir='ltr'><em>d.</em></span> <span class='ocrx_word' id='word_1_291' title='bbox 1430 4199 1485 4254; x_wconf 86' lang='lat' dir='ltr'><em>Gr.</em></span> 
     </span>
     <span class='ocr_line' id='line_1_33' title="bbox 308 4285 1486 4362; baseline -0.003 -16"><span class='ocrx_word' id='word_1_292' title='bbox 308 4289 363 4346; x_wconf 78' lang='grc' dir='ltr'><em>Ι15</em></span> <span class='ocrx_word' id='word_1_293' title='bbox 380 4311 408 4362; x_wconf 92' lang='lat' dir='ltr'><em>p.</em></span> <span class='ocrx_word' id='word_1_294' title='bbox 427 4292 489 4360; x_wconf 80' lang='lat'>317,</span> <span class='ocrx_word' id='word_1_295' title='bbox 501 4291 527 4345; x_wconf 87' lang='lat'><em>4.</em></span> <span class='ocrx_word' id='word_1_296' title='bbox 548 4320 580 4327; x_wconf 91' lang='lat'>-</span> <span class='ocrx_word' id='word_1_297' title='bbox 600 4289 628 4360; x_wconf 82' lang='lat'><em>3)</em></span> <span class='ocrx_word' id='word_1_298' title='bbox 648 4290 795 4344; x_wconf 78' lang='lat' dir='ltr'><strong>adduntur</strong></span> <span class='ocrx_word' id='word_1_299' title='bbox 813 4289 871 4344; x_wconf 82' lang='lat' dir='ltr'><strong>alia</strong></span> <span class='ocrx_word' id='word_1_300' title='bbox 889 4289 1021 4360; x_wconf 78' lang='lat' dir='ltr'><strong>exempla</strong></span> <span class='ocrx_word' id='word_1_301' title='bbox 1039 4289 1135 4357; x_wconf 78' lang='lat'><strong>(1357.</strong></span> <span class='ocrx_word' id='word_1_302' title='bbox 1157 4293 1188 4340; x_wconf 90' lang='grc' dir='ltr'><em>Π</em></span> <span class='ocrx_word' id='word_1_303' title='bbox 1202 4289 1275 4353; x_wconf 77' lang='grc'><strong>226).</strong></span> <span class='ocrx_word' id='word_1_304' title='bbox 1294 4318 1328 4325; x_wconf 91' lang='grc'>-</span> <span class='ocrx_word' id='word_1_305' title='bbox 1347 4285 1375 4357; x_wconf 92' lang='grc'><em>4)</em></span> <span class='ocrx_word' id='word_1_306' title='bbox 1395 4293 1486 4342; x_wconf 53' lang='lat' dir='ltr'><em>umal.</em></span> 
     </span>
     <span class='ocr_line' id='line_1_34' title="bbox 310 4370 1484 4457; baseline -0.001 -24"><span class='ocrx_word' id='word_1_307' title='bbox 310 4379 341 4433; x_wconf 80' lang='grc' dir='ltr'><em>δὲ</em></span> <span class='ocrx_word' id='word_1_308' title='bbox 361 4381 394 4436; x_wconf 93' lang='grc' dir='ltr'><em>Β.</em></span> <span class='ocrx_word' id='word_1_309' title='bbox 415 4411 446 4420; x_wconf 90' lang='grc'>-</span> <span class='ocrx_word' id='word_1_310' title='bbox 467 4381 495 4447; x_wconf 83' lang='grc'><em>5)</em></span> <span class='ocrx_word' id='word_1_311' title='bbox 514 4371 531 4446; x_wconf 80' lang='grc' dir='ltr'>ἢ</span> <span class='ocrx_word' id='word_1_312' title='bbox 549 4381 581 4435; x_wconf 92' lang='grc' dir='ltr'><em>Β.</em></span> <span class='ocrx_word' id='word_1_313' title='bbox 603 4410 633 4418; x_wconf 91' lang='grc'><strong>-</strong></span> <span class='ocrx_word' id='word_1_314' title='bbox 663 4381 692 4448; x_wconf 87' lang='grc'><strong>6)</strong></span> <span class='ocrx_word' id='word_1_315' title='bbox 711 4380 789 4434; x_wconf 78' lang='grc' dir='ltr'><em>ἔσται</em></span> <span class='ocrx_word' id='word_1_316' title='bbox 808 4381 839 4438; x_wconf 82' lang='grc' dir='ltr'><em>Β.</em></span> <span class='ocrx_word' id='word_1_317' title='bbox 861 4409 892 4418; x_wconf 96' lang='grc'>-</span> <span class='ocrx_word' id='word_1_318' title='bbox 922 4379 947 4448; x_wconf 82' lang='grc'><em>7)</em></span> <span class='ocrx_word' id='word_1_319' title='bbox 967 4381 1069 4430; x_wconf 83' lang='grc' dir='ltr'><em>κλαίων</em></span> <span class='ocrx_word' id='word_1_320' title='bbox 1085 4379 1114 4433; x_wconf 87' lang='lat' dir='ltr'><em>B.</em></span> <span class='ocrx_word' id='word_1_321' title='bbox 1137 4409 1167 4416; x_wconf 98' lang='grc'>-</span> <span class='ocrx_word' id='word_1_322' title='bbox 1196 4378 1224 4444; x_wconf 86' lang='grc'><em>8)</em></span> <span class='ocrx_word' id='word_1_323' title='bbox 1245 4370 1371 4457; x_wconf 72' lang='grc' dir='ltr'><em>ἀφείλετο</em></span> <span class='ocrx_word' id='word_1_324' title='bbox 1392 4377 1426 4434; x_wconf 90' lang='grc' dir='ltr'><em>Β.</em></span> <span class='ocrx_word' id='word_1_325' title='bbox 1448 4409 1484 4418; x_wconf 92' lang='grc'><strong>-</strong></span> 
     </span>
     <span class='ocr_line' id='line_1_35' title="bbox 309 4470 574 4548; baseline 0 -24"><span class='ocrx_word' id='word_1_326' title='bbox 309 4472 338 4538; x_wconf 81' lang='grc'><em>9)</em></span> <span class='ocrx_word' id='word_1_327' title='bbox 357 4470 448 4548; x_wconf 82' lang='lat' dir='ltr'><strong>suppl.</strong></span> <span class='ocrx_word' id='word_1_328' title='bbox 469 4470 574 4530; x_wconf 67' lang='lat' dir='ltr'><strong>Maass.</strong></span> 
     </span>
    </p>
   </div>
   <div class='ocr_carea' id='block_1_8' title="bbox 0 0 1584 5118">
    <p class='ocr_par' dir='ltr' id='par_1_9' title="bbox 0 0 1584 5118">
     <span class='ocr_line' id='line_1_36' title="bbox 0 0 1584 5118; baseline 0 0"><span class='ocrx_word' id='word_1_329' title='bbox 0 0 1584 5118; x_wconf 95' lang='lat' dir='ltr'><em> </em></span> 
     </span>
    </p>
   </div>
  </div>
 </body>
</html>
