3160 5118
551 413 771 489 ;1·9·-.

56 586 133 662 τοῧ
147 587 339 686 Διομήδους
355 591 529 679 καιόμενον
551 597 633 685 πῦρ·
656 591 855 663 ἐκινδύνευσε
871 585 931 684 γδρ
948 591 1217 684 καταφλεχθῆναι
1225 587 1247 676 ¹)

60 705 82 776 ὃ
115 705 215 802 ἥρως.
245 705 344 778 ιένιοι
367 711 428 794 μέν
451 699 507 778 οὖν
532 763 539 777 .
566 763 573 777 .
599 763 606 776 .
632 724 820 802 sequuntur
844 718 1041 782 εολαλίοαεε.

183 855 225 896 ex
249 822 392 898 scholiis'
409 854 494 918 quae
518 831 679 898 dicuntur
702 832 888 898 minoribus
912 829 970 914 (D)
994 831 1078 896 haec
1092 835 1249 916 prompba

62 953 156 1012 sunt
191 953 227 1012 et
260 947 316 1012 hie
351 953 386 1012 eb
413 949 449 1012 in
479 947 593 1012 codice
622 948 750 1014 (λομεν.
788 948 836 1030 (ΙΙ
858 969 890 1034 p.
916 949 958 1013 62
982 945 1081 1028 Ma).
1131 945 1249 1011 eadem

63 1064 230 1147 quaestio
246 1063 306 1128 sed
321 1064 409 1129 Zoili
425 1064 561 1129 nomine
577 1065 814 1150 praetermisso
830 1063 977 1129 traditur
993 1062 1096 1128 schol.
1121 1063 1150 1126 B
1163 1068 1197 1126 et
1209 1063 1248 1128 Τ.

640 1241 683 1307 27

184 1357 371 1424 Eustath.
395 1357 439 1422 ad
462 1358 538 1438 E4,
562 1359 628 1424 v'ol.
653 1358 744 1444 Hp.
770 1360 790 1422 2
815 1359 866 1423 ed.
891 1358 1001 1446 Lips.:

186 1466 325 1543 ...τόν
352 1465 388 1534 δέ
412 1461 686 1559 Ὁμηρομοίστιγοι
712 1463 863 1557 Ἐφέσιον
885 1468 1015 1535 Ζωΐλον
1042 1464 1252 1558 μεμφόμενον

66 1586 123 1670 τῷ
147 1589 276 1674 ποιητῇ
299 1580 415 1652 τούτου
439 1589 498 1651 τοῦ
521 1581 628 1673 πυρός
651 1577 669 1650 ὃ
691 1583 886 1674 κατέφλεξεν
905 1577 954 1666 ἷίν,
979 1579 1024 1664 ὡς
1040 1579 1139 1664 αὐτὸς
1155 1583 1251 1672 λέγει,

67 1695 135 1766 τόν
160 1693 259 1789 ήρωα,
295 1700 592 1790 καταρραπιστέον,
625 1696 660 1767 εί
689 1724 724 1786 γε
756 1697 954 1780 σπουδάζων
976 1697 1035 1790 τήν
1066 1700 1252 1790 φαντασίαν

69 1813 124 1893 εἰς
149 1809 313 1905 ἀλήθειαν
335 1815 421 1882 έλκει
441 1816 498 1883 καί
522 1811 755 1906 οδδέὈμήρου
776 1811 899 1898 όκοόει,
924 1821 992 1905 πῦρ
1011 1816 1072 1900 μέν
1087 1813 1251 1899 εἰπόντος,

70 1925 153 1998 εἶτα
183 1929 299 1998 ἑαυτὸν
326 1929 555 2023 ἕρμηνεόοντος
582 1932 639 1999 καί
665 1929 792 2021 τρόπον
820 1930 894 1999 τινὰ
929 1932 1088 2019 λέγοντος,
1125 1927 1177 1999 ότι
1213 1928 1280 2000 οδ

71 2045 162 2135 πυρί
176 2047 338 2136 φλέγοντι,
355 2043 425 2115 ἀλλ’
442 2045 553 2138 ἀστέρι
569 2046 663 2137 έηίκει
676 2047 832 2139 λαμπρὸν
843 2047 1083 2138 παμφαίνοντι.
1108 2077 1252 2139 sequun-

70 2175 136 2233 tur
162 2169 247 2234 aliae
271 2170 463 2236 solutiones

644 2351 687 2414 28

72 2462 122 2528 ad
138 2463 226 2529 E20
243 2487 292 2550 sq.
319 2453 437 2538 Ἰδαῖος
453 2453 654 2548 δ’όπόρουσε
674 2462 786 2526 λιπω“ν
801 2460 1003 2548 περικαλλέα
1019 2459 1146 2550 δίφρον,

316 2569 383 2641 οὐδ’
410 2572 486 2666 έτλη
510 2580 688 2667 περιβῆναι
712 2571 887 2665 ἆδελφείου
911 2576 1087 2660 κταμένοιο

74 2722 182 2788 schol.
207 2723 292 2788 Ven.
317 2722 360 2806 A,
384 2723 402 2787 I
428 2724 491 2789 198
514 2725 556 2790 D.

74 2953 253 3038 κατηγορεῖ
266 2949 323 3015 καί
334 2947 451 3016 τούτου
463 2955 522 3016 τοῦ
531 2947 639 3017 τόπου

76 3059 96 3131 ὃ
121 3064 259 3145 Ζωΐλος,
285 3059 336 3131 ότι
361 3064 444 3148 λίαν,
469 3063 561 3157 φησί,
587 3092 638 3154 γε-

76 3177 180 3258 λοίως
191 3178 377 3270 πεποίηκεν
393 3176 409 3247 ὃ
427 3180 572 3273 ποιητής
583 3181 640 3250 τόν

74 3291 196 3362 Ἰδαῖον
224 3281 439 3364 ἀπολιπόντα
474 3297 550 3378 τοδς
577 3300 639 3364 ἵπ-

78 3437 166 3490 πους
181 3412 238 3478 καί
249 3410 288 3480 τό
299 3408 388 3504 δέρμα
403 3411 545 3505 φεύγειν·
559 3409 639 3505 ήδό-

78 3553 157 3594 νατο
182 3525 242 3618 γδρ
265 3531 391 3611 μᾶλλον
414 3529 474 3596 ἐπὶ
491 3536 562 3610 τοῖς
577 3533 639 3597 ἵπ-

79 3669 170 3722 ποις.
184 3637 268 3709 ἀλλὰ
279 3645 401 3734 ῥητέον,
417 3640 469 3712 ὅτι
479 3646 640 3735 κατέθορε

78 3759 140 3843 μέν
154 3764 213 3826 τοῦ
230 3754 375 3850 ἅρματος
392 3756 437 3841 ὡς
449 3757 639 3851 ὑπερασπί-

80 3900 147 3941 σων
159 3873 215 3941 τόν
229 3870 382 3967 ἀδελφόν,
396 3872 593 3968 εὐλαβηθείς
605 3879 641 3945 δέ

79 3989 137 4057 τόν
148 3991 312 4077 πολέμιον
324 3991 371 4072 εἰς
384 3992 488 4084 φυγήν
501 3990 640 4085 έτρόπη.
656 3975 658 3978 ¹

81 4105 112 4174 οὶ
143 4106 179 4172 δέ
206 4108 364 4195 λέγουσιν,
400 4104 452 4176 ότι
481 4107 577 4190 είδως
604 4108 642 4177 τδ

694 2725 796 2790 schol.
831 2725 917 2790 Ven.
953 2725 994 2808 Β,
1029 2725 1083 2790 ΠΙ
1117 2723 1184 2790 230
1212 2725 1253 2790 D.

697 2871 735 2892 =
749 2841 916 2926 Porphyr.
930 2841 948 2905 I
964 2864 996 2926 p.
1016 2840 1068 2926 79,
1087 2840 1130 2906 27
1143 2841 1253 2906 δελετε

694 2956 867 3042 κατηγορεῖ
890 2954 948 3017 καί
972 2947 1090 3018 τοότου
1113 2952 1252 3033 Ζωίλος,

695 3062 746 3133 ὅτι
759 3065 842 3149 λίαν,
860 3065 953 3156 φησί,
972 3066 1108 3152 γελοίως
1125 3065 1253 3135 πεποί-

693 3209 751 3274 ηκε
789 3181 846 3249 τὸν
882 3179 999 3250 Ἰδαῖον
1037 3177 1254 3250 ἀπολιπόντα
1313 3243 1314 3247 ,

694 3297 770 3378 τοδς
812 3302 943 3378 ἵππους
986 3299 1045 3365 καί
1087 3297 1125 3365 τδ
1165 3294 1254 3387 δι’ρμα

695 3411 833 3505 φεύγειν.

783 3645 898 3737 ῥητέον
926 3635 982 3714 οὖν
1011 3641 1062 3715 ὅτι
1093 3646 1256 3737 κατέδορε

694 3762 754 3847 μέν
787 3768 846 3829 τοῦ
874 3757 1020 3851 όίρματος
1048 3758 1093 3843 ὡς
1131 3759 1255 3853 ὑπερα-

696 3877 827 3945 σπίσιον
839 3884 886 3968 τῷ
900 3876 1042 3970 ἀδελφῷ,
1060 3873 1258 3971 εὐλαβηθείς

696 3995 733 4060 σέ
771 3993 828 4062 τόν
866 3996 1029 4080 πολέμιον
1067 3993 1115 4075 εἰς
1153 3994 1258 4087 φυγήν

697 4105 855 4201 ὥρμησεν.
903 4109 935 4179 οὶ
959 4112 995 4178 δέ
1018 4112 1177 4199 λέγουσιν,
1206 4107 1257 4178 ὅτι

81 4219 270 4313 Διομήδους
286 4223 459 4314 φίλιππον
475 4224 531 4293 διδ
544 4231 642 4293 τοῦτο
664 4185 667 4292 ί
697 4224 795 4306 εἱδιδς
817 4225 856 4293 τό
880 4225 1070 4319 Διομήδους
1092 4231 1162 4294 κτλ.

85 4372 296 4382 -———-—.---.-.

189 4439 216 4512 l)
236 4445 437 4513 καταφλεχθείς
455 4444 490 4497 Α.
