<?xml version="1.0" encoding="UTF-8"?>
<!DOCTYPE html PUBLIC "-//W3C//DTD XHTML 1.0 Transitional//EN"
    "http://www.w3.org/TR/xhtml1/DTD/xhtml1-transitional.dtd">
<html xmlns="http://www.w3.org/1999/xhtml" xml:lang="en" lang="en">
 <head>
  <title>
</title>
<meta http-equiv="Content-Type" content="text/html;charset=utf-8" />
  <meta name='ocr-system' content='tesseract 3.04.00' />
  <meta name='ocr-capabilities' content='ocr_page ocr_carea ocr_par ocr_line ocrx_word'/>
</head>
<body>
  <div class='ocr_page' id='page_1' title='image "./dezoiloaliisque00friegoog_0080.png"; bbox 0 0 3160 5118; ppageno 0'>
   <div class='ocr_carea' id='block_1_1' title="bbox 577 451 797 516">
    <p class='ocr_par' dir='ltr' id='par_1_1' title="bbox 577 451 797 516">
     <span class='ocr_line' id='line_1_1' title="bbox 577 451 797 516; baseline -0.009 -18"><span class='ocrx_word' id='word_1_1' title='bbox 577 451 797 516; x_wconf 70' lang='grc'>..77-</span> 
     </span>
    </p>
   </div>
   <div class='ocr_carea' id='block_1_2' title="bbox 99 629 1280 3850">
    <p class='ocr_par' dir='ltr' id='par_1_2' title="bbox 99 629 1280 3850">
     <span class='ocr_line' id='line_1_2' title="bbox 209 629 1272 717; baseline -0.001 -22"><span class='ocrx_word' id='word_1_2' title='bbox 209 630 451 715; x_wconf 86' lang='lat' dir='ltr'><strong>Nonnusquam</strong></span> <span class='ocrx_word' id='word_1_3' title='bbox 488 636 586 715; x_wconf 88' lang='lat' dir='ltr'><strong>poeta</strong></span> <span class='ocrx_word' id='word_1_4' title='bbox 614 630 828 717; x_wconf 87' lang='lat' dir='ltr'><strong>vituperatur</strong></span> <span class='ocrx_word' id='word_1_5' title='bbox 858 629 936 715; x_wconf 93' lang='lat' dir='ltr'><strong>quia</strong></span> <span class='ocrx_word' id='word_1_6' title='bbox 959 629 1015 694; x_wconf 91' lang='lat' dir='ltr'><strong>vel</strong></span> <span class='ocrx_word' id='word_1_7' title='bbox 1039 629 1164 694; x_wconf 86' lang='lat' dir='ltr'><strong>dixerit</strong></span> <span class='ocrx_word' id='word_1_8' title='bbox 1187 651 1272 716; x_wconf 87' lang='lat' dir='ltr'><strong>quae</strong></span> 
     </span>
     <span class='ocr_line' id='line_1_3' title="bbox 101 745 1272 832; baseline 0.001 -23"><span class='ocrx_word' id='word_1_9' title='bbox 101 767 351 830; x_wconf 86' lang='lat' dir='ltr'><strong>supervacanea</strong></span> <span class='ocrx_word' id='word_1_10' title='bbox 374 754 487 813; x_wconf 87' lang='lat' dir='ltr'><strong>essent</strong></span> <span class='ocrx_word' id='word_1_11' title='bbox 511 747 566 812; x_wconf 89' lang='lat' dir='ltr'><strong>vel</strong></span> <span class='ocrx_word' id='word_1_12' title='bbox 589 769 658 813; x_wconf 89' lang='lat' dir='ltr'><strong>non</strong></span> <span class='ocrx_word' id='word_1_13' title='bbox 682 746 808 811; x_wconf 89' lang='lat' dir='ltr'><strong>dixerit</strong></span> <span class='ocrx_word' id='word_1_14' title='bbox 830 769 916 832; x_wconf 90' lang='lat' dir='ltr'><strong>quae</strong></span> <span class='ocrx_word' id='word_1_15' title='bbox 933 745 1001 811; x_wconf 89' lang='lat' dir='ltr'><strong>dici</strong></span> <span class='ocrx_word' id='word_1_16' title='bbox 1016 768 1155 811; x_wconf 88' lang='lat' dir='ltr'><strong>necesse</strong></span> <span class='ocrx_word' id='word_1_17' title='bbox 1171 752 1272 812; x_wconf 88' lang='lat' dir='ltr'><strong>esset:</strong></span> 
     </span>
     <span class='ocr_line' id='line_1_4' title="bbox 100 860 1273 948; baseline 0.001 -23"><span class='ocrx_word' id='word_1_18' title='bbox 100 861 170 926; x_wconf 85' lang='lat' dir='ltr'><strong>illis</strong></span> <span class='ocrx_word' id='word_1_19' title='bbox 203 862 287 927; x_wconf 89' lang='lat' dir='ltr'><strong>locis</strong></span> <span class='ocrx_word' id='word_1_20' title='bbox 326 869 426 928; x_wconf 90' lang='lat' dir='ltr'><strong>notae</strong></span> <span class='ocrx_word' id='word_1_21' title='bbox 466 863 756 946; x_wconf 72' lang='lat' dir='ltr'>adscribebantur,</span> <span class='ocrx_word' id='word_1_22' title='bbox 792 863 846 927; x_wconf 88' lang='lat' dir='ltr'><strong>his</strong></span> <span class='ocrx_word' id='word_1_23' title='bbox 884 862 1107 928; x_wconf 84' lang='lat' dir='ltr'><strong>madebantur</strong></span> <span class='ocrx_word' id='word_1_24' title='bbox 1139 860 1273 948; x_wconf 91' lang='lat' dir='ltr'><strong>saepius</strong></span> 
     </span>
     <span class='ocr_line' id='line_1_5' title="bbox 101 976 1274 1064; baseline 0.002 -24"><span class='ocrx_word' id='word_1_25' title='bbox 101 976 256 1042; x_wconf 85' lang='lat' dir='ltr'><strong>versibus</strong></span> <span class='ocrx_word' id='word_1_26' title='bbox 290 979 346 1045; x_wconf 90' lang='lat' dir='ltr'><strong>vel</strong></span> <span class='ocrx_word' id='word_1_27' title='bbox 370 979 561 1045; x_wconf 77' lang='lat' dir='ltr'><strong>Homericis</strong></span> <span class='ocrx_word' id='word_1_28' title='bbox 596 979 653 1045; x_wconf 90' lang='lat' dir='ltr'><strong>vel</strong></span> <span class='ocrx_word' id='word_1_29' title='bbox 687 980 758 1044; x_wconf 86' lang='lat' dir='ltr'><strong>suis</strong></span> <span class='ocrx_word' id='word_1_30' title='bbox 787 979 939 1044; x_wconf 88' lang='lat' dir='ltr'><strong>adiectis.</strong></span> <span class='ocrx_word' id='word_1_31' title='bbox 991 978 1115 1064; x_wconf 86' lang='lat' dir='ltr'><strong>prioris</strong></span> <span class='ocrx_word' id='word_1_32' title='bbox 1137 977 1274 1063; x_wconf 86' lang='lat' dir='ltr'><strong>generis</strong></span> 
     </span>
     <span class='ocr_line' id='line_1_6' title="bbox 101 1082 1274 1180; baseline -0.003 -24"><span class='ocrx_word' id='word_1_33' title='bbox 101 1093 255 1178; x_wconf 86' lang='lat' dir='ltr'><strong>exempla</strong></span> <span class='ocrx_word' id='word_1_34' title='bbox 291 1099 383 1159; x_wconf 90' lang='lat' dir='ltr'><strong>sunt:</strong></span> <span class='ocrx_word' id='word_1_35' title='bbox 421 1098 456 1155; x_wconf 93' lang='lat' dir='ltr'><strong><em>N</em></strong></span> <span class='ocrx_word' id='word_1_36' title='bbox 464 1095 529 1160; x_wconf 80' lang='lat'><strong>637</strong></span> <span class='ocrx_word' id='word_1_37' title='bbox 556 1090 691 1180; x_wconf 78' lang='grc' dir='ltr'><em>μολπῆς</em></span> <span class='ocrx_word' id='word_1_38' title='bbox 719 1115 754 1156; x_wconf 91' lang='grc' dir='ltr'><em>τε</em></span> <span class='ocrx_word' id='word_1_39' title='bbox 782 1091 945 1180; x_wconf 76' lang='grc' dir='ltr'><strong><em>γλυκερῆς]</em></strong></span> <span class='ocrx_word' id='word_1_40' title='bbox 981 1086 1140 1177; x_wconf 85' lang='grc' dir='ltr'><em>περισσὸν</em></span> <span class='ocrx_word' id='word_1_41' title='bbox 1174 1082 1274 1154; x_wconf 81' lang='grc' dir='ltr'><em>αὐτόν</em></span> 
     </span>
     <span class='ocr_line' id='line_1_7' title="bbox 102 1198 1274 1296; baseline -0.003 -23"><span class='ocrx_word' id='word_1_42' title='bbox 102 1207 159 1287; x_wconf 86' lang='lat' dir='ltr'><strong>(sc.</strong></span> <span class='ocrx_word' id='word_1_43' title='bbox 184 1199 242 1269; x_wconf 82' lang='grc' dir='ltr'><strong>τὸν</strong></span> <span class='ocrx_word' id='word_1_44' title='bbox 264 1202 386 1292; x_wconf 89' lang='grc' dir='ltr'><em>στίχον)</em></span> <span class='ocrx_word' id='word_1_45' title='bbox 415 1198 501 1272; x_wconf 82' lang='grc' dir='ltr'><em>εἶναί</em></span> <span class='ocrx_word' id='word_1_46' title='bbox 524 1203 609 1295; x_wconf 89' lang='grc' dir='ltr'><em>φασί</em></span> <span class='ocrx_word' id='word_1_47' title='bbox 631 1231 730 1284; x_wconf 84' lang='grc' dir='ltr'><em>τινες·</em></span> <span class='ocrx_word' id='word_1_48' title='bbox 760 1199 866 1296; x_wconf 76' lang='grc' dir='ltr'><em>ἥττων</em></span> <span class='ocrx_word' id='word_1_49' title='bbox 894 1199 998 1296; x_wconf 68' lang='grc' dir='ltr'><em>φοίρί)</em></span> <span class='ocrx_word' id='word_1_50' title='bbox 1023 1203 1192 1288; x_wconf 76' lang='grc' dir='ltr'><em>ἐπιθυμία</em></span> <span class='ocrx_word' id='word_1_51' title='bbox 1215 1209 1274 1295; x_wconf 78' lang='grc' dir='ltr'><strong>τῆς</strong></span> 
     </span>
     <span class='ocr_line' id='line_1_8' title="bbox 99 1315 1273 1412; baseline 0.007 -30"><span class='ocrx_word' id='word_1_52' title='bbox 99 1318 235 1408; x_wconf 79' lang='grc' dir='ltr'><em>μολπῆς</em></span> <span class='ocrx_word' id='word_1_53' title='bbox 258 1324 372 1410; x_wconf 86' lang='lat' dir='ltr'><strong>(quam</strong></span> <span class='ocrx_word' id='word_1_54' title='bbox 395 1315 501 1388; x_wconf 81' lang='grc' dir='ltr'><em>ίίπνου</em></span> <span class='ocrx_word' id='word_1_55' title='bbox 526 1334 560 1392; x_wconf 89' lang='lat' dir='ltr'><strong>et</strong></span> <span class='ocrx_word' id='word_1_56' title='bbox 576 1318 755 1412; x_wconf 77' lang='grc' dir='ltr'><strong><em>φιλότητος</em></strong></span> <span class='ocrx_word' id='word_1_57' title='bbox 770 1350 803 1393; x_wconf 90' lang='lat' dir='ltr'><strong>v.</strong></span> <span class='ocrx_word' id='word_1_58' title='bbox 820 1329 902 1410; x_wconf 83' lang='lat'><strong>636;</strong></span> <span class='ocrx_word' id='word_1_59' title='bbox 928 1326 1082 1412; x_wconf 90' lang='lat' dir='ltr'><strong>sequitur</strong></span> <span class='ocrx_word' id='word_1_60' title='bbox 1098 1326 1273 1405; x_wconf 80' lang='lat' dir='ltr'>defensio).</span> 
     </span>
     <span class='ocr_line' id='line_1_9' title="bbox 102 1430 1275 1529; baseline -0.002 -25"><span class='ocrx_word' id='word_1_61' title='bbox 102 1440 171 1504; x_wconf 84' lang='grc' dir='ltr'><strong>ΤΒ.</strong></span> <span class='ocrx_word' id='word_1_62' title='bbox 197 1476 238 1485; x_wconf 97' lang='grc'>-</span> <span class='ocrx_word' id='word_1_63' title='bbox 267 1440 376 1506; x_wconf 84' lang='grc'>0534</span> <span class='ocrx_word' id='word_1_64' title='bbox 401 1431 450 1516; x_wconf 79' lang='grc' dir='ltr'><strong>(ὅς</strong></span> <span class='ocrx_word' id='word_1_65' title='bbox 474 1434 504 1504; x_wconf 75' lang='grc' dir='ltr'><strong>οἳ</strong></span> <span class='ocrx_word' id='word_1_66' title='bbox 529 1437 586 1504; x_wconf 84' lang='grc' dir='ltr'><strong>καί</strong></span> <span class='ocrx_word' id='word_1_67' title='bbox 610 1433 685 1505; x_wconf 88' lang='grc' dir='ltr'><em>τότε</em></span> <span class='ocrx_word' id='word_1_68' title='bbox 706 1435 831 1517; x_wconf 78' lang='grc' dir='ltr'><em>παιδὸς</em></span> <span class='ocrx_word' id='word_1_69' title='bbox 854 1432 925 1504; x_wconf 82' lang='grc' dir='ltr'><strong>ἇπό</strong></span> <span class='ocrx_word' id='word_1_70' title='bbox 952 1435 1049 1525; x_wconf 82' lang='grc' dir='ltr'><em>χροὸς</em></span> <span class='ocrx_word' id='word_1_71' title='bbox 1069 1431 1174 1529; x_wconf 67' lang='grc' dir='ltr'><em>ἥρτεσ</em></span> <span class='ocrx_word' id='word_1_72' title='bbox 1203 1430 1275 1503; x_wconf 80' lang='grc' dir='ltr'><em>ίίλε-</em></span> 
     </span>
     <span class='ocr_line' id='line_1_10' title="bbox 102 1547 1274 1644; baseline 0.01 -30"><span class='ocrx_word' id='word_1_73' title='bbox 102 1555 209 1637; x_wconf 58' lang='grc' dir='ltr'><em>θρον)</em></span> <span class='ocrx_word' id='word_1_74' title='bbox 227 1549 387 1644; x_wconf 27' lang='grc' dir='ltr'><em>,περιττὸς</em></span> <span class='ocrx_word' id='word_1_75' title='bbox 402 1547 420 1619; x_wconf 81' lang='grc' dir='ltr'><em>ὃ</em></span> <span class='ocrx_word' id='word_1_76' title='bbox 437 1551 560 1636; x_wconf 86' lang='grc' dir='ltr'><em>στίχος·</em></span> <span class='ocrx_word' id='word_1_77' title='bbox 579 1547 640 1644; x_wconf 76' lang='grc' dir='ltr'><strong>ᾔδη</strong></span> <span class='ocrx_word' id='word_1_78' title='bbox 658 1551 718 1643; x_wconf 74' lang='grc' dir='ltr'><strong>γὰρ</strong></span> <span class='ocrx_word' id='word_1_79' title='bbox 734 1547 829 1620; x_wconf 85' lang='grc' dir='ltr'><em>εἶπεν</em></span> <span class='ocrx_word' id='word_1_80' title='bbox 844 1547 995 1644; x_wconf 77' lang='grc' dir='ltr'><em>ἀνωτέρω</em></span> <span class='ocrx_word' id='word_1_81' title='bbox 1011 1557 1103 1642; x_wconf 83' lang='grc'>(529)</span> <span class='ocrx_word' id='word_1_82' title='bbox 1123 1549 1274 1634; x_wconf 70' lang='grc' dir='ltr'><strong>,πυκινὸς</strong></span> 
     </span>
     <span class='ocr_line' id='line_1_11' title="bbox 100 1660 1274 1762; baseline 0.009 -32"><span class='ocrx_word' id='word_1_83' title='bbox 100 1665 137 1730; x_wconf 79' lang='grc' dir='ltr'><strong>δὲ</strong></span> <span class='ocrx_word' id='word_1_84' title='bbox 154 1663 184 1732; x_wconf 85' lang='grc' dir='ltr'><strong>σί</strong></span> <span class='ocrx_word' id='word_1_85' title='bbox 201 1660 316 1756; x_wconf 71' lang='grc' dir='ltr'><em>ἤρκεσε</em></span> <span class='ocrx_word' id='word_1_86' title='bbox 333 1665 466 1759; x_wconf 60' lang='grc' dir='ltr'><strong>θώρηξ.ι</strong></span> <span class='ocrx_word' id='word_1_87' title='bbox 512 1675 551 1741; x_wconf 82' lang='grc' dir='ltr'><strong>Τ.</strong></span> <span class='ocrx_word' id='word_1_88' title='bbox 576 1710 617 1720; x_wconf 91' lang='grc'>-</span> <span class='ocrx_word' id='word_1_89' title='bbox 643 1675 732 1760; x_wconf 89' lang='lat' dir='ltr'><strong>quod</strong></span> <span class='ocrx_word' id='word_1_90' title='bbox 749 1675 899 1759; x_wconf 91' lang='lat' dir='ltr'><strong>Hecuba,</strong></span> <span class='ocrx_word' id='word_1_91' title='bbox 923 1682 1102 1762; x_wconf 79' lang='lat' dir='ltr'><strong>postquam</strong></span> <span class='ocrx_word' id='word_1_92' title='bbox 1117 1675 1274 1740; x_wconf 90' lang='lat' dir='ltr'><strong>Priamus</strong></span> 
     </span>
     <span class='ocr_line' id='line_1_12' title="bbox 99 1787 1274 1878; baseline 0.004 -27"><span class='ocrx_word' id='word_1_93' title='bbox 99 1787 283 1854; x_wconf 76' lang='lat' dir='ltr'>Hectorem</span> <span class='ocrx_word' id='word_1_94' title='bbox 311 1789 458 1855; x_wconf 90' lang='lat' dir='ltr'><strong>retinere</strong></span> <span class='ocrx_word' id='word_1_95' title='bbox 487 1798 628 1858; x_wconf 88' lang='lat' dir='ltr'><strong>conatus</strong></span> <span class='ocrx_word' id='word_1_96' title='bbox 657 1799 718 1871; x_wconf 85' lang='lat' dir='ltr'><strong>est,</strong></span> <span class='ocrx_word' id='word_1_97' title='bbox 755 1792 830 1878; x_wconf 89' lang='lat' dir='ltr'><strong>ipsa</strong></span> <span class='ocrx_word' id='word_1_98' title='bbox 857 1813 989 1877; x_wconf 91' lang='lat' dir='ltr'><strong>quoque</strong></span> <span class='ocrx_word' id='word_1_99' title='bbox 1013 1813 1089 1857; x_wconf 90' lang='lat' dir='ltr'><strong>eum</strong></span> <span class='ocrx_word' id='word_1_100' title='bbox 1115 1813 1134 1856; x_wconf 89' lang='lat' dir='ltr'><strong>a</strong></span> <span class='ocrx_word' id='word_1_101' title='bbox 1157 1813 1274 1876; x_wconf 86' lang='lat' dir='ltr'><strong>pugna</strong></span> 
     </span>
     <span class='ocr_line' id='line_1_13' title="bbox 103 1905 1274 1993; baseline 0.004 -26"><span class='ocrx_word' id='word_1_102' title='bbox 103 1925 262 1970; x_wconf 87' lang='lat' dir='ltr'><strong>revocare</strong></span> <span class='ocrx_word' id='word_1_103' title='bbox 297 1906 412 1971; x_wconf 89' lang='lat' dir='ltr'><strong>studet</strong></span> <span class='ocrx_word' id='word_1_104' title='bbox 447 1907 497 1986; x_wconf 89' lang='lat' dir='ltr'><strong>(X</strong></span> <span class='ocrx_word' id='word_1_105' title='bbox 511 1907 552 1972; x_wconf 83' lang='lat'><strong>79</strong></span> <span class='ocrx_word' id='word_1_106' title='bbox 589 1905 686 1993; x_wconf 83' lang='lat' dir='ltr'><strong>sqq),</strong></span> <span class='ocrx_word' id='word_1_107' title='bbox 721 1908 918 1992; x_wconf 83' lang='lat' dir='ltr'>languorem</span> <span class='ocrx_word' id='word_1_108' title='bbox 954 1907 997 1972; x_wconf 91' lang='lat' dir='ltr'><strong>iis</strong></span> <span class='ocrx_word' id='word_1_109' title='bbox 1033 1908 1091 1993; x_wconf 92' lang='lat' dir='ltr'><strong>qui</strong></span> <span class='ocrx_word' id='word_1_110' title='bbox 1129 1907 1274 1972; x_wconf 86' lang='lat' dir='ltr'><strong>audiunt</strong></span> 
     </span>
     <span class='ocr_line' id='line_1_14' title="bbox 103 2013 1275 2110; baseline 0 -27"><span class='ocrx_word' id='word_1_111' title='bbox 103 2019 208 2084; x_wconf 84' lang='lat' dir='ltr'><strong>affere</strong></span> <span class='ocrx_word' id='word_1_112' title='bbox 236 2021 430 2088; x_wconf 88' lang='lat' dir='ltr'><strong>videbatur:</strong></span> <span class='ocrx_word' id='word_1_113' title='bbox 464 2025 499 2082; x_wconf 88' lang='lat' dir='ltr'><em>X</em></span> <span class='ocrx_word' id='word_1_114' title='bbox 511 2023 552 2087; x_wconf 80' lang='lat'><strong>79</strong></span> <span class='ocrx_word' id='word_1_115' title='bbox 583 2015 762 2110; x_wconf 75' lang='grc' dir='ltr'><em>παθητικὰ</em></span> <span class='ocrx_word' id='word_1_116' title='bbox 790 2023 895 2084; x_wconf 82' lang='grc' dir='ltr'><em>ταῦτα</em></span> <span class='ocrx_word' id='word_1_117' title='bbox 924 2017 980 2084; x_wconf 85' lang='grc' dir='ltr'><strong>καί</strong></span> <span class='ocrx_word' id='word_1_118' title='bbox 1008 2013 1105 2106; x_wconf 84' lang='grc' dir='ltr'><em>κόρον</em></span> <span class='ocrx_word' id='word_1_119' title='bbox 1134 2017 1275 2107; x_wconf 85' lang='grc' dir='ltr'><em>φέροντο</em></span> 
     </span>
     <span class='ocr_line' id='line_1_15' title="bbox 103 2126 1276 2227; baseline 0.006 -30"><span class='ocrx_word' id='word_1_120' title='bbox 103 2132 152 2216; x_wconf 73' lang='grc' dir='ltr'><strong>τῷ</strong></span> <span class='ocrx_word' id='word_1_121' title='bbox 178 2126 308 2221; x_wconf 80' lang='grc' dir='ltr'><em>μήκει.</em></span> <span class='ocrx_word' id='word_1_122' title='bbox 334 2188 342 2204; x_wconf 95' lang='grc'><strong>.</strong></span> <span class='ocrx_word' id='word_1_123' title='bbox 368 2189 375 2202; x_wconf 91' lang='grc'><strong>.</strong></span> <span class='ocrx_word' id='word_1_124' title='bbox 404 2138 474 2204; x_wconf 80' lang='grc' dir='ltr'><strong>ΤΒ.</strong></span> <span class='ocrx_word' id='word_1_125' title='bbox 484 2134 510 2220; x_wconf 92' lang='grc'><strong>1)</strong></span> <span class='ocrx_word' id='word_1_126' title='bbox 546 2175 587 2186; x_wconf 88' lang='lat'>—</span> <span class='ocrx_word' id='word_1_127' title='bbox 622 2141 936 2227; x_wconf 89' lang='lat' dir='ltr'><strong>interpolationum,</strong></span> <span class='ocrx_word' id='word_1_128' title='bbox 973 2139 1096 2226; x_wconf 91' lang='lat' dir='ltr'><strong>quibus</strong></span> <span class='ocrx_word' id='word_1_129' title='bbox 1124 2138 1276 2204; x_wconf 90' lang='lat' dir='ltr'><strong>carmina</strong></span> 
     </span>
     <span class='ocr_line' id='line_1_16' title="bbox 104 2251 1276 2342; baseline 0.003 -26"><span class='ocrx_word' id='word_1_130' title='bbox 104 2251 286 2318; x_wconf 89' lang='lat' dir='ltr'><strong>Homerica</strong></span> <span class='ocrx_word' id='word_1_131' title='bbox 323 2255 434 2342; x_wconf 84' lang='lat' dir='ltr'>ample</span> <span class='ocrx_word' id='word_1_132' title='bbox 473 2257 627 2322; x_wconf 86' lang='lat' dir='ltr'><strong>exornari</strong></span> <span class='ocrx_word' id='word_1_133' title='bbox 665 2255 846 2342; x_wconf 88' lang='lat' dir='ltr'><strong>putabant,</strong></span> <span class='ocrx_word' id='word_1_134' title='bbox 894 2257 1081 2342; x_wconf 90' lang='lat' dir='ltr'><strong>specimina</strong></span> <span class='ocrx_word' id='word_1_135' title='bbox 1117 2255 1201 2321; x_wconf 90' lang='lat' dir='ltr'><strong>haec</strong></span> <span class='ocrx_word' id='word_1_136' title='bbox 1239 2255 1276 2321; x_wconf 89' lang='lat' dir='ltr'><strong>in</strong></span> 
     </span>
     <span class='ocr_line' id='line_1_17' title="bbox 104 2360 1274 2457; baseline 0.001 -26"><span class='ocrx_word' id='word_1_137' title='bbox 104 2367 243 2434; x_wconf 84' lang='lat' dir='ltr'><strong>scholiis</strong></span> <span class='ocrx_word' id='word_1_138' title='bbox 266 2371 398 2436; x_wconf 88' lang='lat' dir='ltr'><strong>insunt:</strong></span> <span class='ocrx_word' id='word_1_139' title='bbox 437 2373 545 2437; x_wconf 67' lang='lat'>‹12570</span> <span class='ocrx_word' id='word_1_140' title='bbox 574 2363 721 2451; x_wconf 73' lang='grc' dir='ltr'><em>(ἔμμεναι</em></span> <span class='ocrx_word' id='word_1_141' title='bbox 745 2360 848 2456; x_wconf 77' lang='grc' dir='ltr'><em>οίτάρ</em></span> <span class='ocrx_word' id='word_1_142' title='bbox 873 2364 904 2434; x_wconf 86' lang='grc' dir='ltr'><strong>σί</strong></span> <span class='ocrx_word' id='word_1_143' title='bbox 929 2365 1091 2457; x_wconf 79' lang='grc' dir='ltr'><em>Κρονίδης</em></span> <span class='ocrx_word' id='word_1_144' title='bbox 1114 2363 1195 2445; x_wconf 72' lang='grc' dir='ltr'><em>Ζεὺς</em></span> <span class='ocrx_word' id='word_1_145' title='bbox 1217 2369 1274 2432; x_wconf 81' lang='grc' dir='ltr'><strong>κῦ-</strong></span> 
     </span>
     <span class='ocr_line' id='line_1_18' title="bbox 105 2473 1276 2570; baseline 0.004 -27"><span class='ocrx_word' id='word_1_146' title='bbox 105 2479 162 2557; x_wconf 85' lang='grc' dir='ltr'><strong>δος</strong></span> <span class='ocrx_word' id='word_1_147' title='bbox 197 2473 329 2566; x_wconf 84' lang='grc' dir='ltr'><em>ὀποίζει)</em></span> <span class='ocrx_word' id='word_1_148' title='bbox 364 2475 537 2549; x_wconf 72' lang='grc' dir='ltr'><em>ἆθετεῖται</em></span> <span class='ocrx_word' id='word_1_149' title='bbox 578 2477 622 2562; x_wconf 79' lang='grc' dir='ltr'><strong>ὡς</strong></span> <span class='ocrx_word' id='word_1_150' title='bbox 663 2481 874 2562; x_wconf 79' lang='grc' dir='ltr'><em>ἐλλείποντος</em></span> <span class='ocrx_word' id='word_1_151' title='bbox 914 2486 972 2550; x_wconf 82' lang='grc' dir='ltr'><strong>τοῦ</strong></span> <span class='ocrx_word' id='word_1_152' title='bbox 1012 2478 1109 2570; x_wconf 72' lang='grc' dir='ltr'><em>λόγου</em></span> <span class='ocrx_word' id='word_1_153' title='bbox 1149 2482 1276 2562; x_wconf 80' lang='grc' dir='ltr'><em>ἕνέταξ’</em></span> 
     </span>
     <span class='ocr_line' id='line_1_19' title="bbox 104 2590 1276 2690; baseline -0.006 -15"><span class='ocrx_word' id='word_1_154' title='bbox 104 2621 156 2674; x_wconf 67' lang='lat' dir='ltr'><strong>Ut*</strong></span> <span class='ocrx_word' id='word_1_155' title='bbox 179 2590 286 2663; x_wconf 79' lang='grc' dir='ltr'><em>αὐτόν.</em></span> <span class='ocrx_word' id='word_1_156' title='bbox 311 2604 526 2670; x_wconf 75' lang='lat' dir='ltr'><strong>Aristonicus</strong></span> <span class='ocrx_word' id='word_1_157' title='bbox 559 2606 597 2669; x_wconf 92' lang='lat' dir='ltr'><strong>in</strong></span> <span class='ocrx_word' id='word_1_158' title='bbox 621 2606 661 2671; x_wconf 82' lang='lat' dir='ltr'><strong>A.</strong></span> <span class='ocrx_word' id='word_1_159' title='bbox 709 2627 778 2672; x_wconf 90' lang='lat' dir='ltr'><strong>non</strong></span> <span class='ocrx_word' id='word_1_160' title='bbox 805 2605 916 2690; x_wconf 83' lang='lat' dir='ltr'><strong>magis</strong></span> <span class='ocrx_word' id='word_1_161' title='bbox 951 2627 1069 2670; x_wconf 85' lang='lat' dir='ltr'><strong>versus</strong></span> <span class='ocrx_word' id='word_1_162' title='bbox 1104 2603 1276 2669; x_wconf 85' lang='lat' dir='ltr'><strong>adiciendi</strong></span> 
     </span>
     <span class='ocr_line' id='line_1_20' title="bbox 105 2713 1275 2806; baseline 0.001 -26"><span class='ocrx_word' id='word_1_163' title='bbox 105 2724 223 2784; x_wconf 85' lang='lat' dir='ltr'><strong>auctor</strong></span> <span class='ocrx_word' id='word_1_164' title='bbox 245 2725 297 2784; x_wconf 91' lang='lat' dir='ltr'><strong>est</strong></span> <span class='ocrx_word' id='word_1_165' title='bbox 312 2719 530 2786; x_wconf 80' lang='lat' dir='ltr'><strong>Aristarchus</strong></span> <span class='ocrx_word' id='word_1_166' title='bbox 551 2720 611 2786; x_wconf 81' lang='lat'><strong>05</strong></span> <span class='ocrx_word' id='word_1_167' title='bbox 636 2772 643 2788; x_wconf 94' lang='lat'><em>.</em></span> <span class='ocrx_word' id='word_1_168' title='bbox 669 2771 677 2788; x_wconf 91' lang='lat'><strong><em>.</em></strong></span> <span class='ocrx_word' id='word_1_169' title='bbox 702 2772 710 2786; x_wconf 90' lang='lat'><strong>.</strong></span> <span class='ocrx_word' id='word_1_170' title='bbox 734 2715 961 2806; x_wconf 78' lang='grc' dir='ltr'><em>προστιθέασι</em></span> <span class='ocrx_word' id='word_1_171' title='bbox 977 2715 1013 2782; x_wconf 79' lang='grc' dir='ltr'><strong>δὲ</strong></span> <span class='ocrx_word' id='word_1_172' title='bbox 1028 2714 1086 2781; x_wconf 84' lang='grc' dir='ltr'><strong>καί</strong></span> <span class='ocrx_word' id='word_1_173' title='bbox 1101 2718 1139 2781; x_wconf 82' lang='grc' dir='ltr'><strong>τό</strong></span> <span class='ocrx_word' id='word_1_174' title='bbox 1165 2713 1275 2797; x_wconf 54' lang='lat' dir='ltr'><strong>„tiezo</strong></span> 
     </span>
     <span class='ocr_line' id='line_1_21' title="bbox 105 2821 1275 2918; baseline 0.008 -26"><span class='ocrx_word' id='word_1_175' title='bbox 105 2821 133 2892; x_wconf 76' lang='grc' dir='ltr'><strong>δ’</strong></span> <span class='ocrx_word' id='word_1_176' title='bbox 153 2822 331 2917; x_wconf 74' lang='grc' dir='ltr'><em>ὀρθωθείς,</em></span> <span class='ocrx_word' id='word_1_177' title='bbox 347 2826 539 2915; x_wconf 67' lang='lat' dir='ltr'><strong>antoniaci</strong></span> <span class='ocrx_word' id='word_1_178' title='bbox 559 2828 666 2898; x_wconf 74' lang='grc' dir='ltr'><em>ἔνδυνε</em></span> <span class='ocrx_word' id='word_1_179' title='bbox 680 2836 823 2915; x_wconf 77' lang='grc' dir='ltr'><em>χιτῶνα“</em></span> <span class='ocrx_word' id='word_1_180' title='bbox 840 2838 884 2918; x_wconf 89' lang='grc' dir='ltr'><strong>(Β</strong></span> <span class='ocrx_word' id='word_1_181' title='bbox 894 2838 961 2918; x_wconf 82' lang='grc'><strong>42).</strong></span> <span class='ocrx_word' id='word_1_182' title='bbox 987 2833 1056 2917; x_wconf 47' lang='grc' dir='ltr'><strong>Τί)</strong></span> <span class='ocrx_word' id='word_1_183' title='bbox 1072 2873 1113 2882; x_wconf 95' lang='grc'><strong>--</strong></span> <span class='ocrx_word' id='word_1_184' title='bbox 1132 2837 1213 2901; x_wconf 84' lang='grc' dir='ltr'><strong>Τ39</strong></span> <span class='ocrx_word' id='word_1_185' title='bbox 1226 2887 1233 2899; x_wconf 92' lang='grc'><strong>.</strong></span> <span class='ocrx_word' id='word_1_186' title='bbox 1248 2885 1275 2901; x_wconf 92' lang='grc'><strong>..</strong></span> 
     </span>
     <span class='ocr_line' id='line_1_22' title="bbox 104 2939 1273 3039; baseline 0.003 -29"><span class='ocrx_word' id='word_1_187' title='bbox 104 2941 188 3027; x_wconf 74' lang='grc' dir='ltr'><em>μετὰ</em></span> <span class='ocrx_word' id='word_1_188' title='bbox 212 2945 248 3011; x_wconf 84' lang='grc' dir='ltr'><strong>δέ</strong></span> <span class='ocrx_word' id='word_1_189' title='bbox 274 2943 312 3013; x_wconf 64' lang='lat' dir='ltr'><strong>sc*</strong></span> <span class='ocrx_word' id='word_1_190' title='bbox 342 2943 507 3031; x_wconf 80' lang='grc' dir='ltr'><em>,,έ’μπεδσς</em></span> <span class='ocrx_word' id='word_1_191' title='bbox 534 2945 606 3038; x_wconf 82' lang='grc' dir='ltr'><em>είή“</em></span> <span class='ocrx_word' id='word_1_192' title='bbox 636 2945 830 3039; x_wconf 59' lang='grc' dir='ltr'><em>φροίφεταιῧ)</em></span> <span class='ocrx_word' id='word_1_193' title='bbox 863 2943 918 3039; x_wconf 47' lang='lat' dir='ltr'><strong>(m)</strong></span> <span class='ocrx_word' id='word_1_194' title='bbox 942 2948 1002 3033; x_wconf 82' lang='grc' dir='ltr'><strong>μέν</strong></span> <span class='ocrx_word' id='word_1_195' title='bbox 1025 2942 1073 3038; x_wconf 64' lang='grc' dir='ltr'><strong>ἄρ’</strong></span> <span class='ocrx_word' id='word_1_196' title='bbox 1101 2939 1145 3026; x_wconf 75' lang='grc' dir='ltr'><strong>ὣς</strong></span> <span class='ocrx_word' id='word_1_197' title='bbox 1168 2941 1273 3036; x_wconf 54' lang='lat' dir='ltr'><strong>iligna</strong></span> 
     </span>
     <span class='ocr_line' id='line_1_23' title="bbox 105 3053 1276 3154; baseline 0.004 -29"><span class='ocrx_word' id='word_1_198' title='bbox 105 3053 216 3151; x_wconf 75' lang='grc' dir='ltr'><em>ἀπέβη</em></span> <span class='ocrx_word' id='word_1_199' title='bbox 249 3063 346 3142; x_wconf 82' lang='grc' dir='ltr'><em>Θέτις</em></span> <span class='ocrx_word' id='word_1_200' title='bbox 373 3058 625 3153; x_wconf 78' lang='grc' dir='ltr'><em>ἆργυρόπεζα.“)</em></span> <span class='ocrx_word' id='word_1_201' title='bbox 660 3065 733 3151; x_wconf 62' lang='grc' dir='ltr'><strong>Ἦ)</strong></span> <span class='ocrx_word' id='word_1_202' title='bbox 758 3106 799 3115; x_wconf 97' lang='grc'>-</span> <span class='ocrx_word' id='word_1_203' title='bbox 830 3069 939 3136; x_wconf 72' lang='grc'>,(2205</span> <span class='ocrx_word' id='word_1_204' title='bbox 963 3119 971 3136; x_wconf 84' lang='grc'><strong>.</strong></span> <span class='ocrx_word' id='word_1_205' title='bbox 997 3121 1004 3137; x_wconf 90' lang='grc'><strong>.</strong></span> <span class='ocrx_word' id='word_1_206' title='bbox 1031 3121 1038 3136; x_wconf 91' lang='grc'><strong>.</strong></span> <span class='ocrx_word' id='word_1_207' title='bbox 1066 3059 1098 3154; x_wconf 77' lang='grc' dir='ltr'><strong>(ἡ</strong></span> <span class='ocrx_word' id='word_1_208' title='bbox 1124 3065 1276 3154; x_wconf 71' lang='grc' dir='ltr'><strong>ὄιπλίρ)5)</strong></span> 
     </span>
     <span class='ocr_line' id='line_1_24' title="bbox 106 3171 1276 3267; baseline 0.003 -25"><span class='ocrx_word' id='word_1_209' title='bbox 106 3171 158 3243; x_wconf 81' lang='grc' dir='ltr'><strong>ὅτι</strong></span> <span class='ocrx_word' id='word_1_210' title='bbox 182 3171 411 3246; x_wconf 77' lang='grc' dir='ltr'><em>ὑποτάσσουσι</em></span> <span class='ocrx_word' id='word_1_211' title='bbox 434 3178 545 3263; x_wconf 86' lang='grc' dir='ltr'><em>στίχον</em></span> <span class='ocrx_word' id='word_1_212' title='bbox 569 3175 613 3260; x_wconf 82' lang='grc' dir='ltr'><strong>ὡς</strong></span> <span class='ocrx_word' id='word_1_213' title='bbox 637 3178 847 3260; x_wconf 79' lang='grc' dir='ltr'><em>ἐλλείποντος</em></span> <span class='ocrx_word' id='word_1_214' title='bbox 876 3186 936 3248; x_wconf 85' lang='grc' dir='ltr'><strong>τοῦ</strong></span> <span class='ocrx_word' id='word_1_215' title='bbox 958 3178 1056 3267; x_wconf 71' lang='grc' dir='ltr'><em>λόγου</em></span> <span class='ocrx_word' id='word_1_216' title='bbox 1087 3174 1276 3262; x_wconf 50' lang='lat' dir='ltr'><strong>‚ritiovarus</strong></span> 
     </span>
     <span class='ocr_line' id='line_1_25' title="bbox 106 3287 1279 3384; baseline 0.003 -27"><span class='ocrx_word' id='word_1_217' title='bbox 106 3291 254 3383; x_wconf 82' lang='grc' dir='ltr'><em>ποίησαν</em></span> <span class='ocrx_word' id='word_1_218' title='bbox 274 3287 445 3378; x_wconf 83' lang='grc' dir='ltr'><em>Ὀλύμπια</em></span> <span class='ocrx_word' id='word_1_219' title='bbox 470 3291 592 3380; x_wconf 72' lang='grc' dir='ltr'><em>δώματ’</em></span> <span class='ocrx_word' id='word_1_220' title='bbox 619 3293 776 3379; x_wconf 80' lang='grc' dir='ltr'><em>έ’χοντες.“</em></span> <span class='ocrx_word' id='word_1_221' title='bbox 823 3295 949 3363; x_wconf 90' lang='grc' dir='ltr'><em>πλείων</em></span> <span class='ocrx_word' id='word_1_222' title='bbox 973 3296 1009 3362; x_wconf 84' lang='grc' dir='ltr'><strong>δέ</strong></span> <span class='ocrx_word' id='word_1_223' title='bbox 1032 3296 1121 3361; x_wconf 78' lang='grc' dir='ltr'><em>ἐστιν</em></span> <span class='ocrx_word' id='word_1_224' title='bbox 1136 3291 1279 3384; x_wconf 71' lang='grc' dir='ltr'><em>ἔμφασις</em></span> 
     </span>
     <span class='ocr_line' id='line_1_26' title="bbox 106 3406 1280 3501; baseline 0.007 -28"><span class='ocrx_word' id='word_1_225' title='bbox 106 3406 152 3499; x_wconf 75' lang='grc' dir='ltr'><strong>μὴ</strong></span> <span class='ocrx_word' id='word_1_226' title='bbox 177 3410 415 3499; x_wconf 83' lang='grc' dir='ltr'><em>προσκειμένου</em></span> <span class='ocrx_word' id='word_1_227' title='bbox 439 3406 550 3479; x_wconf 74' lang='grc' dir='ltr'><em>αὐτοῦ.</em></span> <span class='ocrx_word' id='word_1_228' title='bbox 597 3417 812 3484; x_wconf 76' lang='lat' dir='ltr'><strong>Aristonicus</strong></span> <span class='ocrx_word' id='word_1_229' title='bbox 837 3419 874 3482; x_wconf 90' lang='lat' dir='ltr'><strong>in</strong></span> <span class='ocrx_word' id='word_1_230' title='bbox 897 3417 938 3501; x_wconf 88' lang='lat' dir='ltr'><strong>A,</strong></span> <span class='ocrx_word' id='word_1_231' title='bbox 975 3416 1133 3483; x_wconf 87' lang='lat' dir='ltr'><strong>similiter</strong></span> <span class='ocrx_word' id='word_1_232' title='bbox 1156 3416 1195 3500; x_wconf 82' lang='grc' dir='ltr'><strong>Τ,</strong></span> <span class='ocrx_word' id='word_1_233' title='bbox 1220 3416 1280 3482; x_wconf 87' lang='lat' dir='ltr'><strong>sed</strong></span> 
     </span>
     <span class='ocr_line' id='line_1_27' title="bbox 106 3505 1280 3619; baseline 0.003 -24"><span class='ocrx_word' id='word_1_234' title='bbox 106 3552 167 3616; x_wconf 90' lang='lat' dir='ltr'><strong>pro</strong></span> <span class='ocrx_word' id='word_1_235' title='bbox 193 3519 366 3610; x_wconf 80' lang='grc' dir='ltr'><em>Ὀλύμπιοι</em></span> <span class='ocrx_word' id='word_1_236' title='bbox 394 3529 423 3594; x_wconf 81' lang='grc' dir='ltr'><strong>ὃ.</strong></span> <span class='ocrx_word' id='word_1_237' title='bbox 448 3525 473 3594; x_wconf 81' lang='grc' dir='ltr'><strong>έ.</strong></span> <span class='ocrx_word' id='word_1_238' title='bbox 509 3525 567 3610; x_wconf 75' lang='grc' dir='ltr'><strong>,μῖ</strong></span> <span class='ocrx_word' id='word_1_239' title='bbox 593 3523 731 3619; x_wconf 76' lang='grc' dir='ltr'><em>οὐρανὸν</em></span> <span class='ocrx_word' id='word_1_240' title='bbox 758 3523 850 3615; x_wconf 77' lang='grc' dir='ltr'><em>εὗρύν</em></span> <span class='ocrx_word' id='word_1_241' title='bbox 877 3505 1036 3611; x_wconf 64' lang='grc' dir='ltr'><strong>ἐφουοιν.α</strong></span> <span class='ocrx_word' id='word_1_242' title='bbox 1072 3569 1113 3578; x_wconf 94' lang='lat'><strong>-—</strong></span> <span class='ocrx_word' id='word_1_243' title='bbox 1150 3556 1218 3598; x_wconf 89' lang='lat' dir='ltr'><strong>non</strong></span> <span class='ocrx_word' id='word_1_244' title='bbox 1241 3540 1280 3599; x_wconf 84' lang='lat' dir='ltr'><strong>ut</strong></span> 
     </span>
     <span class='ocr_line' id='line_1_28' title="bbox 104 3648 1279 3734; baseline 0.002 -22"><span class='ocrx_word' id='word_1_245' title='bbox 104 3648 294 3713; x_wconf 87' lang='lat' dir='ltr'><strong>Homerum</strong></span> <span class='ocrx_word' id='word_1_246' title='bbox 329 3650 549 3734; x_wconf 84' lang='lat' dir='ltr'><strong>corrigerent,</strong></span> <span class='ocrx_word' id='word_1_247' title='bbox 585 3651 645 3716; x_wconf 89' lang='lat' dir='ltr'><strong>sed</strong></span> <span class='ocrx_word' id='word_1_248' title='bbox 679 3655 719 3715; x_wconf 91' lang='lat' dir='ltr'><strong>ut</strong></span> <span class='ocrx_word' id='word_1_249' title='bbox 753 3650 845 3714; x_wconf 89' lang='lat' dir='ltr'><strong>aliud</strong></span> <span class='ocrx_word' id='word_1_250' title='bbox 880 3672 1015 3715; x_wconf 89' lang='lat' dir='ltr'><strong>carmen</strong></span> <span class='ocrx_word' id='word_1_251' title='bbox 1047 3649 1279 3732; x_wconf 85' lang='lat' dir='ltr'><strong>adnecterent,</strong></span> 
     </span>
     <span class='ocr_line' id='line_1_29' title="bbox 104 3764 1278 3850; baseline 0.003 -23"><span class='ocrx_word' id='word_1_252' title='bbox 104 3770 184 3850; x_wconf 90' lang='lat' dir='ltr'><strong>post</strong></span> <span class='ocrx_word' id='word_1_253' title='bbox 211 3764 329 3830; x_wconf 86' lang='lat' dir='ltr'><strong>Iliadis</strong></span> <span class='ocrx_word' id='word_1_254' title='bbox 364 3787 501 3830; x_wconf 86' lang='lat' dir='ltr'><strong>versum</strong></span> <span class='ocrx_word' id='word_1_255' title='bbox 536 3766 695 3831; x_wconf 89' lang='lat' dir='ltr'><strong>ultimum</strong></span> <span class='ocrx_word' id='word_1_256' title='bbox 730 3773 898 3831; x_wconf 86' lang='lat' dir='ltr'><strong>mutatum</strong></span> <span class='ocrx_word' id='word_1_257' title='bbox 931 3764 1017 3831; x_wconf 90' lang='lat' dir='ltr'><strong>alius</strong></span> <span class='ocrx_word' id='word_1_258' title='bbox 1046 3765 1183 3831; x_wconf 88' lang='lat' dir='ltr'><strong>additus</strong></span> <span class='ocrx_word' id='word_1_259' title='bbox 1212 3771 1278 3831; x_wconf 88' lang='lat' dir='ltr'><strong>est:</strong></span> 
     </span>
    </p>
   </div>
   <div class='ocr_carea' id='block_1_3' title="bbox 106 3863 1279 3966">
    <p class='ocr_par' dir='ltr' id='par_1_3' title="bbox 106 3863 1279 3966">
     <span class='ocr_line' id='line_1_30' title="bbox 106 3863 1279 3966; baseline 0.001 -25"><span class='ocrx_word' id='word_1_260' title='bbox 106 3879 217 3945; x_wconf 70' lang='lat'>9804</span> <span class='ocrx_word' id='word_1_261' title='bbox 242 3932 249 3947; x_wconf 95' lang='lat'><strong>.</strong></span> <span class='ocrx_word' id='word_1_262' title='bbox 276 3932 282 3947; x_wconf 92' lang='lat'><strong><em>.</em></strong></span> <span class='ocrx_word' id='word_1_263' title='bbox 308 3932 315 3948; x_wconf 87' lang='lat'><strong>.</strong></span> <span class='ocrx_word' id='word_1_264' title='bbox 351 3875 439 3954; x_wconf 85' lang='grc' dir='ltr'><em>τινές</em></span> <span class='ocrx_word' id='word_1_265' title='bbox 467 3872 647 3965; x_wconf 75' lang='grc' dir='ltr'><em>γράφουσιν</em></span> <span class='ocrx_word' id='word_1_266' title='bbox 682 3863 748 3959; x_wconf 66' lang='lat' dir='ltr'><strong>„aig</strong></span> <span class='ocrx_word' id='word_1_267' title='bbox 772 3879 807 3943; x_wconf 81' lang='grc' dir='ltr'><strong>οἵ</strong></span> <span class='ocrx_word' id='word_1_268' title='bbox 833 3871 859 3963; x_wconf 77' lang='grc' dir='ltr'><strong>γ’</strong></span> <span class='ocrx_word' id='word_1_269' title='bbox 886 3870 1058 3966; x_wconf 77' lang='grc' dir='ltr'><em>ἀμφίεπον</em></span> <span class='ocrx_word' id='word_1_270' title='bbox 1080 3872 1187 3966; x_wconf 80' lang='grc' dir='ltr'><em>τάφον</em></span> <span class='ocrx_word' id='word_1_271' title='bbox 1204 3871 1279 3944; x_wconf 84' lang='grc' dir='ltr'><strong>Ἕκ-</strong></span> 
     </span>
    </p>
   </div>
   <div class='ocr_carea' id='block_1_4' title="bbox 103 4109 1280 4460">
    <p class='ocr_par' dir='ltr' id='par_1_4' title="bbox 103 4109 1280 4460">
     <span class='ocr_line' id='line_1_31' title="bbox 214 4109 1279 4192; baseline -0.002 -17"><span class='ocrx_word' id='word_1_272' title='bbox 214 4121 243 4190; x_wconf 93' lang='grc'><strong>1)</strong></span> <span class='ocrx_word' id='word_1_273' title='bbox 262 4120 330 4192; x_wconf 86' lang='lat' dir='ltr'><strong>quid</strong></span> <span class='ocrx_word' id='word_1_274' title='bbox 349 4121 388 4175; x_wconf 87' lang='lat' dir='ltr'><strong>sit</strong></span> <span class='ocrx_word' id='word_1_275' title='bbox 406 4120 481 4192; x_wconf 87' lang='lat' dir='ltr'><strong>quod</strong></span> <span class='ocrx_word' id='word_1_276' title='bbox 500 4120 574 4186; x_wconf 68' lang='lat' dir='ltr'><strong>inu</strong></span> <span class='ocrx_word' id='word_1_277' title='bbox 593 4121 630 4175; x_wconf 87' lang='lat' dir='ltr'><strong>ad</strong></span> <span class='ocrx_word' id='word_1_278' title='bbox 648 4121 735 4175; x_wconf 83' lang='grc'>2222</span> <span class='ocrx_word' id='word_1_279' title='bbox 754 4138 795 4192; x_wconf 88' lang='lat' dir='ltr'><strong>sq.</strong></span> <span class='ocrx_word' id='word_1_280' title='bbox 811 4125 943 4176; x_wconf 89' lang='lat' dir='ltr'><strong>notatur:</strong></span> <span class='ocrx_word' id='word_1_281' title='bbox 964 4109 1064 4172; x_wconf 73' lang='grc' dir='ltr'><em>ἄτοποι</em></span> <span class='ocrx_word' id='word_1_282' title='bbox 1083 4123 1111 4171; x_wconf 79' lang='grc' dir='ltr'><strong>οἱ</strong></span> <span class='ocrx_word' id='word_1_283' title='bbox 1124 4113 1175 4172; x_wconf 73' lang='lat' dir='ltr'><strong>uto</strong></span> <span class='ocrx_word' id='word_1_284' title='bbox 1189 4127 1279 4190; x_wconf 79' lang='grc' dir='ltr'><em>στίχοι</em></span> 
     </span>
     <span class='ocr_line' id='line_1_32' title="bbox 104 4208 1280 4280; baseline -0.003 -14"><span class='ocrx_word' id='word_1_285' title='bbox 104 4211 263 4266; x_wconf 86' lang='lat' dir='ltr'><strong>obscurum</strong></span> <span class='ocrx_word' id='word_1_286' title='bbox 291 4217 348 4280; x_wconf 84' lang='lat' dir='ltr'><strong>est;</strong></span> <span class='ocrx_word' id='word_1_287' title='bbox 377 4211 516 4266; x_wconf 79' lang='lat' dir='ltr'><strong>athetasis</strong></span> <span class='ocrx_word' id='word_1_288' title='bbox 542 4227 601 4264; x_wconf 88' lang='lat' dir='ltr'><strong>non</strong></span> <span class='ocrx_word' id='word_1_289' title='bbox 629 4227 693 4265; x_wconf 89' lang='lat' dir='ltr'><strong>esse</strong></span> <span class='ocrx_word' id='word_1_290' title='bbox 722 4210 837 4265; x_wconf 86' lang='lat' dir='ltr'><strong>videtur</strong></span> <span class='ocrx_word' id='word_1_291' title='bbox 864 4209 977 4278; x_wconf 89' lang='lat' dir='ltr'><strong>(Ludw.</strong></span> <span class='ocrx_word' id='word_1_292' title='bbox 1007 4209 1095 4264; x_wconf 88' lang='lat' dir='ltr'><strong>Arist.</strong></span> <span class='ocrx_word' id='word_1_293' title='bbox 1120 4208 1217 4278; x_wconf 79' lang='lat'>1269).</span> <span class='ocrx_word' id='word_1_294' title='bbox 1247 4241 1280 4248; x_wconf 91' lang='lat'><strong>—-</strong></span> 
     </span>
     <span class='ocr_line' id='line_1_33' title="bbox 103 4297 1279 4370; baseline -0.001 -15"><span class='ocrx_word' id='word_1_295' title='bbox 103 4303 136 4370; x_wconf 83' lang='lat'><strong>2)</strong></span> <span class='ocrx_word' id='word_1_296' title='bbox 155 4317 172 4354; x_wconf 87' lang='lat' dir='ltr'><strong>a</strong></span> <span class='ocrx_word' id='word_1_297' title='bbox 191 4299 317 4370; x_wconf 86' lang='lat' dir='ltr'><strong>Didymo</strong></span> <span class='ocrx_word' id='word_1_298' title='bbox 336 4298 513 4355; x_wconf 89' lang='lat' dir='ltr'><strong>abiudicavit</strong></span> <span class='ocrx_word' id='word_1_299' title='bbox 531 4299 673 4354; x_wconf 90' lang='lat' dir='ltr'><strong>Ludwich</strong></span> <span class='ocrx_word' id='word_1_300' title='bbox 692 4299 781 4354; x_wconf 85' lang='lat' dir='ltr'><strong>Arist.</strong></span> <span class='ocrx_word' id='word_1_301' title='bbox 800 4300 886 4355; x_wconf 78' lang='lat'>1502.</span> <span class='ocrx_word' id='word_1_302' title='bbox 904 4329 935 4338; x_wconf 96' lang='lat'>-</span> <span class='ocrx_word' id='word_1_303' title='bbox 955 4297 983 4368; x_wconf 87' lang='lat'><strong>3)</strong></span> <span class='ocrx_word' id='word_1_304' title='bbox 1003 4316 1120 4354; x_wconf 87' lang='lat' dir='ltr'><strong>versum</strong></span> <span class='ocrx_word' id='word_1_305' title='bbox 1144 4316 1180 4353; x_wconf 85' lang='lat' dir='ltr'><strong>ex</strong></span> <span class='ocrx_word' id='word_1_306' title='bbox 1203 4298 1279 4354; x_wconf 86' lang='lat' dir='ltr'><strong>codi-</strong></span> 
     </span>
     <span class='ocr_line' id='line_1_34' title="bbox 105 4387 1279 4460; baseline -0.003 -15"><span class='ocrx_word' id='word_1_307' title='bbox 105 4389 189 4445; x_wconf 89' lang='lat' dir='ltr'><strong>cibus</strong></span> <span class='ocrx_word' id='word_1_308' title='bbox 213 4389 360 4444; x_wconf 89' lang='lat' dir='ltr'><strong>nonnullis</strong></span> <span class='ocrx_word' id='word_1_309' title='bbox 382 4391 474 4460; x_wconf 87' lang='lat' dir='ltr'><strong>suppl.</strong></span> <span class='ocrx_word' id='word_1_310' title='bbox 499 4388 640 4444; x_wconf 87' lang='lat' dir='ltr'><strong>Ludwich</strong></span> <span class='ocrx_word' id='word_1_311' title='bbox 668 4389 756 4445; x_wconf 84' lang='lat' dir='ltr'><strong>Arist</strong></span> <span class='ocrx_word' id='word_1_312' title='bbox 784 4389 871 4443; x_wconf 84' lang='lat'>1441.</span> <span class='ocrx_word' id='word_1_313' title='bbox 902 4417 931 4428; x_wconf 91' lang='lat'><strong>·-</strong></span> <span class='ocrx_word' id='word_1_314' title='bbox 961 4389 991 4454; x_wconf 86' lang='lat'><strong>4)</strong></span> <span class='ocrx_word' id='word_1_315' title='bbox 1018 4405 1054 4442; x_wconf 90' lang='lat' dir='ltr'><strong>ne</strong></span> <span class='ocrx_word' id='word_1_316' title='bbox 1081 4387 1137 4442; x_wconf 94' lang='lat' dir='ltr'><strong>hoc</strong></span> <span class='ocrx_word' id='word_1_317' title='bbox 1166 4387 1279 4458; x_wconf 91' lang='lat' dir='ltr'><strong>quidem</strong></span> 
     </span>
    </p>
   </div>
   <div class='ocr_carea' id='block_1_5' title="bbox 103 4477 1211 4558">
    <p class='ocr_par' dir='ltr' id='par_1_5' title="bbox 103 4477 1211 4558">
     <span class='ocr_line' id='line_1_35' title="bbox 103 4477 1211 4558; baseline -0.004 -22"><span class='ocrx_word' id='word_1_318' title='bbox 103 4478 234 4558; x_wconf 81' lang='lat' dir='ltr'><strong>Didymo</strong></span> <span class='ocrx_word' id='word_1_319' title='bbox 253 4479 355 4539; x_wconf 88' lang='lat' dir='ltr'><strong>tribuit</strong></span> <span class='ocrx_word' id='word_1_320' title='bbox 374 4478 516 4542; x_wconf 81' lang='lat' dir='ltr'><strong>Ludwich</strong></span> <span class='ocrx_word' id='word_1_321' title='bbox 534 4479 623 4538; x_wconf 83' lang='lat' dir='ltr'><strong>Arist</strong></span> <span class='ocrx_word' id='word_1_322' title='bbox 642 4479 727 4542; x_wconf 79' lang='lat'>1441.</span> <span class='ocrx_word' id='word_1_323' title='bbox 750 4509 781 4518; x_wconf 89' lang='lat'><em>-</em></span> <span class='ocrx_word' id='word_1_324' title='bbox 801 4478 829 4552; x_wconf 84' lang='lat'><strong>5)</strong></span> <span class='ocrx_word' id='word_1_325' title='bbox 849 4478 942 4554; x_wconf 84' lang='lat' dir='ltr'><strong>suppl.</strong></span> <span class='ocrx_word' id='word_1_326' title='bbox 961 4477 1211 4542; x_wconf 74' lang='lat' dir='ltr'><strong>LFriedlaender.</strong></span> 
     </span>
    </p>
   </div>
   <div class='ocr_carea' id='block_1_6' title="bbox 0 0 1592 5118">
    <p class='ocr_par' dir='ltr' id='par_1_6' title="bbox 0 0 1592 5118">
     <span class='ocr_line' id='line_1_36' title="bbox 0 0 1592 5118; baseline 0 0"><span class='ocrx_word' id='word_1_327' title='bbox 0 0 1592 5118; x_wconf 95' lang='lat' dir='ltr'><strong> </strong></span> 
     </span>
    </p>
   </div>
  </div>
 </body>
</html>
