3160 5118
552 389 771 454 „15-

63 590 125 641 τις
160 567 226 628 τιῦν
259 562 533 647 πεπαιδευμένων
568 559 625 628 διά
659 560 693 628 τί
728 565 837 642 κακιῦς
865 558 950 647 λέγει
980 555 1129 640 πάντας·
1160 551 1247 642 ῦδέ,

65 683 224 770 Ποιῆσαι
249 677 309 768 γάρ
332 685 441 759 κακῶς
462 675 669 765 βουλόμενος,
694 683 733 746 οῦ
756 675 907 762 δόναμαι.

646 908 686 972 16

181 1043 599 1126 Phoibammon‚Rhet.
611 1042 771 1126 GnVIII,
783 1042 848 1107 439
860 1042 971 1127 sq.W.
985 1041 1180 1128 =11143sq.
1189 1042 1246 1128 Sp.

183 1155 234 1222 δεῖ
268 1141 324 1220 οῦν
356 1150 479 1220 λοιπὸν
512 1152 737 1240 παραθέσθαι
772 1148 870 1232 δόξας
904 1147 1048 1270 ἀρχαίων
1082 1157 1175 1244 (quid
1203 1158 1248 1224 sit

65 1275 207 1359 σχῆμα).
238 1264 258 1360 η
283 1267 344 1358 γὰρ
368 1266 524 1359 πυρφόρα
552 1265 646 1358 παρά
670 1265 729 1358 την
751 1264 937 1358 πορφύραν,
967 1262 1012 1348 ὡς
1035 1263 1055 1359 η
1080 1267 1247 1357 παροιμία

63 1385 171 1471 λέγει,
207 1385 387 1474 διακριτέα.
435 1380 579 1473 ὁρίζεται
614 1384 650 1451 δέ
678 1385 837 1470 Ζωΐλοςῑ)
873 1379 985 1467 οῦτως,
1022 1380 1132 1475 σχῆμά
1158 1384 1248 1451 ἐστιν

63 1500 182 1590 ἕτερον
203 1501 263 1585 μὲν
286 1505 566 1590 προσποιεῖσθαι,
592 1500 699 1589 ἕτερον
723 1500 797 1588 δὲὲ)
832 1500 945 1586 λέγειν.
992 1498 1068 1590 τρία
1081 1500 1103 1583 ³)
1140 1494 1247 1590 ἆμαρ-

64 1613 164 1684 τάνει
200 1611 251 1682 ῦτι
280 1611 317 1684 οῦ
346 1612 585 1707 περιλαμβάνει
615 1617 694 1706 περὶ
722 1613 858 1683 πάντων
887 1619 951 1684 τῶν
973 1612 1158 1706 σχημάτων.
1205 1613 1247 1683 τὰ

64 1729 133 1821 γάρ
158 1733 301 1798 πλεῖστα
332 1733 369 1799 ἐκ
396 1728 455 1800 τοῦ
482 1727 599 1812 εὐθέος
621 1732 679 1800 καί
703 1728 814 1800 διπλοῦ
842 1729 1089 1822 σχηματίζεται·
1119 1727 1164 1812 ὡς
1193 1727 1248 1800 ῦτε

63 1843 341 1938 άπαφαινόμεθά
363 1875 396 1914 τι
420 1842 441 1938 ἢ
465 1849 690 1937 διαποροῦμέν
712 1874 746 1915 τι
761 1842 839 1915 καθ’
859 1845 994 1927 ἓαυτοῦς
1009 1842 1032 1938 ἢ
1047 1842 1249 1940 ἀποστροφῇ

62 1961 231 2052 χριόμεθα
266 1957 340 2030 άνευ
375 1962 642 2055 προσποιήσεως.
701 1963 878 2044 Καικίλιος
912 1964 948 2030 δέ
984 1959 1001 2030 ὁ
1038 1963 1248 2056 Καλαιτίτης

64 2076 218 2169 ὡρίσατο
247 2074 332 2146 οῦτω
358 2133 365 2147 .
391 2133 398 2147 .
424 2134 431 2148 .
464 2075 647 2171 Ἀθηναῖος
674 2081 711 2147 δὲ
739 2075 757 2147 ὃ
787 2078 1015 2172 Ναυκρατίτης
1042 2080 1099 2147 καί
1120 2074 1247 2148 Ἀπολ-

64 2193 192 2274 λαίνιος
216 2190 233 2263 ὃ
257 2195 455 2286 ἐπικληθείς
472 2194 599 2264 Μόλων
615 2192 776 2287 ὡρίσαντο
794 2191 879 2264 οῦτω
896 2199 962 2263 κτλ.
989 2204 1033 2268 of.
1050 2203 1178 2268 testim.
1198 2205 1247 2269 ll.

641 2454 682 2519 17

181 2588 326 2654 Suidas
349 2610 375 2652 s
400 2611 431 2652 v.
454 2576 675 2673 Ἀναξιμένης,
699 2589 717 2653 Ι
740 2589 804 2653 351
830 2587 968 2672 Bernh.,
997 2587 1147 2672 Hesych.
1172 2589 1245 2654 Mil.

66 2729 104 2791 p.
134 2706 174 2769 13
199 2703 331 2769 Flam:
358 2692 569 2789 Ἀναξιμένης
594 2693 843 2788 Ἀριστοκλέους
870 2695 1106 2789 Λαμψακηνός
1128 2695 1245 2789 ῥητωρ,

66 2812 230 2904 μαθητὴς
244 2814 428 2901 Διογένους
456 2811 517 2881 τοῦΙ
538 2812 643 2894 Κυνὸς
671 2815 728 2882 καὶ
756 2816 887 2884 Ζωΐλου
914 2820 974 2882 τοῦ
996 2809 1246 2905 Ἀμφιπολίτου

67 2935 302 3020 γραμματικοῦ
317 2935 377 2998 τοῦ
392 2929 583 3012 κακίζοντος
593 2926 749 3023 Ὅμηρον,
759 2921 967 3011 διδάσκαλος
983 2933 1019 2998 δὲ
1032 2927 1246 3021 Ἀλεξάνδρου

66 3051 131 3114 τοῦ
156 3043 361 3126 Μακεδόνος.

643 3224 683 3288 18

181 3355 327 3422 Suidas
362 3379 388 3421 s.
423 3380 456 3422 v.
492 3351 711 3442 Δημοσθένης
743 3346 933 3442 Ἀθηναῖος,
968 3360 986 3424 Ι
1017 3382 1050 3445 p.
1088 3359 1172 3424 1255
1199 3359 1244 3423 B:

68 3462 267 3556 ἐπεθύμησε
289 3470 564 3554 (Demosthenes)
588 3467 625 3533 δὲ
647 3471 821 3558 ῥητορικῆς
845 3467 1093 3557 Καλλίστρατον
1115 3465 1243 3536 θεασά-

68 3608 167 3666 μενος
190 3579 247 3648 τδν
270 3578 391 3672 ῥήτορα
415 3577 499 3678 ῦπέρ
521 3578 696 3672 Ὠρωπίων
712 3583 856 3670 λέγοντα.
903 3581 1056 3675 διήκουσε
1076 3585 1112 3650 δὲ
1127 3581 1244 3652 Ἰσαίου

69 3703 132 3764 τοῦ
153 3692 356 3787 Ἰσοκράτους
379 3703 545 3789 μαθητοῦ,
574 3699 632 3766 καὶ
660 3704 732 3778 τοῖς
760 3696 871 3786 λόγοις
894 3700 1008 3790 ἐχρῆτο
1033 3700 1162 3768 Ζωΐλου
1185 3705 1245 3768 τοῦ

67 3809 320 3902 Ἀμφιπολίτου
338 3812 589 3905 σοφιστεύοντος
606 3815 639 3880 ἐν
652 3809 815 3906 Ἀθήναις
835 3822 906 3906 (qui
922 3821 1069 3886 Athenis
1086 3823 1243 3906 eloquen-

69 3937 156 4001 tiam
174 3934 314 4021 docuit),
338 3930 394 3996 καί
412 3927 647 4019 Πολυκράτους
669 3929 726 3997 καί
741 3925 1000 4014 Ἀλκιδάμαντος
1023 3937 1082 3998 τοῦ
1105 3941 1137 3999 Γ
1135 3931 1244 4022 οργίου

69 4050 228 4135 μαθητοῦ
251 4046 308 4112 καί
332 4041 432 4114 αῦτοῦ
454 4047 568 4132 μέντοι
589 4041 801 4136 Ἰσοκράτους.
850 4054 891 4119 cf.
917 4053 1042 4119 testim.
1067 4055 1098 4119 5.
1122 4057 1154 4120 8.

179 4325 207 4392 1)
235 4301 339 4386 Ζώιλος
367 4327 448 4382 codd.
486 4358 520 4365 -
556 4327 584 4395 2)
615 4319 707 4396 ἕτερόν
729 4347 755 4380 τι
784 4328 866 4384 codd.
884 4328 1024 4400 nonnulli,
1054 4326 1146 4402 ἕτερον
1165 4327 1200 4382 δέ
1216 4349 1242 4382 τι

71 4416 205 4492 Spengel.
228 4445 258 4454 -
279 4415 306 4488 3)
325 4422 387 4492 τρία
407 4416 467 4480 cod.
486 4417 587 4492 Paris,
607 4417 688 4477 omis.
710 4417 801 4478 Walz.
