3160 5118
805 383 1022 446 ..30-

329 558 360 624 d.
385 559 468 644 grch
493 560 729 645 Eligennamen
752 557 789 625 Ιὃ
812 585 845 646 p.
862 559 942 641 448)
967 561 1047 626 hinc
1069 561 1202 626 Zoilum
1227 560 1356 646 Ephesi
1379 565 1517 624 natum

327 675 525 762 Amphipoli
561 677 597 742 in
631 659 712 742 urhe
747 678 854 743 vitam
882 679 1017 763 degisse
1045 673 1291 764 putaverunt.¹)
1338 684 1372 742 at
1395 671 1517 758 γένει

326 791 441 857 Zoilus
465 800 538 858 erat
560 792 861 880 Amphipolitanos
887 794 1076 882 Porphyrio
1101 800 1189 860 testa
1206 794 1274 874 (29)
1299 800 1334 858 et
1350 793 1516 858 Athenis

328 907 574 973 Anaximenem
609 932 676 974 una
711 933 788 974 cum
820 911 975 996 Diogene
1008 911 1129 996 cynico
1158 910 1308 975 erudivit
1335 909 1400 988 (17.
1429 907 1515 992 18);

328 1025 441 1109 itaque
487 1024 567 1090 huic
613 1025 740 1091 scholio
787 1009 954 1112 singulari
1001 1049 1044 1092 ne
1090 1032 1221 1092 tantam
1259 1025 1515 1092 auctoritatem

327 1140 525 1225 tribuamus,
563 1141 622 1206 sed
658 1164 803 1208 errorem
832 1166 852 1208 a
875 1143 1058 1208 scholiasta
1082 1143 1298 1208 commissum
1322 1163 1394 1206 esse
1417 1164 1515 1207 cen-

326 1251 498 1336 seamus2)
544 1263 693 1322 ceterum
728 1257 818 1324 haud
854 1259 902 1323 ita
937 1281 1011 1324 raro
1047 1260 1137 1346 apud
1166 1260 1313 1324 Graecos
1345 1257 1411 1321 viri
1444 1280 1513 1322 ex-

327 1373 488 1437 uellentes
534 1373 764 1459 compluribus
805 1373 940 1461 oppidis
981 1370 1257 1458 adscribuntur,⁸)
1291 1374 1346 1439 vel
1384 1396 1513 1438 errore

325 1490 380 1552 vel
404 1488 479 1553 aliis
503 1489 611 1554 causis
636 1488 687 1569 (ut
707 1491 898 1555 Hecataeus
919 1496 955 1556 et
970 1490 1152 1556 Abderites
1176 1497 1210 1556 et
1225 1489 1328 1554 Teius
1344 1496 1510 1572 vocatur,

325 1604 405 1688 quia
433 1605 508 1669 Teii
532 1605 703 1670 Abderam
732 1606 1021 1692 immigraverant,
1057 1605 1259 1693 Apollonius
1282 1611 1382 1691 poeta
1404 1607 1511 1688 apud

242 1795 248 1808 Ι
325 1719 464 1784 Suidam
486 1710 720 1805 Ἀλεξανδρεύς,
743 1711 878 1796 Ῥόδιος
902 1722 984 1787 alibi
1005 1723 1210 1804 nominatur,
1234 1721 1314 1807 quia
1329 1720 1378 1785 ibi
1392 1727 1510 1786 natus

324 1842 442 1920 postea
480 1837 560 1902 huic
599 1837 730 1902 insulae
765 1861 802 1903 se
836 1836 992 1919 addixit).
1049 1838 1109 1904 sed
1143 1839 1259 1904 Zoilus
1294 1836 1511 1922 Amphipoli

324 1951 486 2017 tribuitur
531 1953 728 2018 melioribus
773 1961 808 2019 et
852 1955 1023 2040 plerisque
1066 1954 1272 2019 testimoniis
1310 1976 1372 2018 nec
1410 1955 1511 2020 satis

324 2090 443 2132 causae
478 2074 539 2152 est,
575 2091 634 2133 cur
661 2069 740 2134 huic
767 2069 1028 2153 disgrediamur.
1075 2069 1205 2135 Hardio
1234 2068 1270 2151 (l.
1295 2092 1322 2134 c.
1347 2092 1379 2155 p.
1407 2069 1509 2152 186),

322 2191 362 2249 ut
396 2183 479 2249 duos
510 2184 617 2249 fuisse
639 2184 754 2250 Zoilus
783 2186 927 2261 evincat,
956 2187 1100 2252 alterum
1123 2185 1252 2272 Ephesi
1276 2191 1394 2250 natum
1417 2207 1506 2251 esse

324 2306 439 2365 censet
473 2307 507 2365 et
542 2301 742 2366 scholiastae
778 2302 1026 2388 Eustathioque
1061 2304 1245 2368 assentitur
1281 2323 1401 2389 „parce
1431 2324 1513 2386 que

323 2438 378 2480 ces
414 2415 502 2480 deux
539 2424 822 2483 commentateurs
858 2425 962 2504 ayant
986 2418 1139 2484 examine
1163 2419 1240 2504 plus
1264 2417 1510 2504 particulibre-

323 2539 417 2597 ment
441 2534 489 2598 les
514 2556 680 2618 ouvrages
703 2535 784 2598 faits
808 2558 865 2600 sur
888 2537 1045 2620 Homere,
1070 2540 1258 2621 peut-estre
1283 2537 1391 2599 meme
1412 2555 1512 2600 ceux

323 2647 364 2712 de
398 2671 452 2714 ces
489 2651 748 2734 grammairiens
782 2652 840 2736 qui
875 2651 1012 2718 avaient
1045 2650 1199 2717 travailld
1229 2672 1307 2715 sous
1330 2650 1380 2715 les
1403 2671 1509 2735 yeux

322 2765 364 2828 de
388 2764 561 2830 Ptolemde
578 2765 812 2852 Philadelpho,
837 2789 880 2832 on
904 2775 986 2852 peut
1010 2767 1221 2853 conjecturor
1245 2789 1328 2832 avec
1351 2765 1510 2852 quelque

321 2881 633 2966 vray-semblance,
668 2883 722 2968 qu'
748 2882 790 2947 ils
814 2885 838 2948 s'
863 2906 887 2969 y
911 2883 1058 2949 estoient
1081 2883 1239 2948 instruits
1263 2882 1306 2948 de
1329 2882 1363 2947 la
1385 2884 1508 2968 patrie

322 2996 368 3060 du
391 2997 515 3061 second
538 2993 670 3063 Zolle“!

693 3205 735 3290 c)
770 3205 816 3269 de
839 3204 944 3269 Zoili
974 3211 1116 3270 aetate.

429 3346 615 3432 Dionysius
633 3347 742 3412 Halic.
765 3346 814 3428 (3)
834 3348 967 3412 Zoilum
984 3370 1052 3411 una
1067 3345 1167 3410 affert
1185 3370 1261 3412 cum
1279 3347 1501 3433 Antiphonte

322 3464 386 3528 411
412 3470 542 3545 necato,
567 3462 830 3548 Thrasymacho,
859 3463 918 3548 qui
940 3463 1006 3528 427
1030 3462 1176 3528 Athenis
1200 3464 1277 3546 fuit,
1302 3463 1498 3548 Polycrate,

322 3579 381 3664 qui
404 3580 469 3644 395
492 3578 548 3644 vel
572 3578 637 3643 394
660 3580 910 3643 accusationem
933 3579 1081 3644 Socratis
1105 3578 1253 3662 scripsit,
1284 3577 1402 3661 Critia,
1434 3579 1498 3662 qui

321 3717 408 3760 unus
438 3717 478 3759 ex
506 3695 662 3780 tyrannis
686 3696 798 3760 XXX
824 3694 901 3760 fuit.
948 3694 1108 3780 Dionysii
1136 3695 1230 3760 locus
1253 3717 1286 3760 n.
1312 3695 1333 3757 5
1356 3699 1495 3759 notatus

322 3817 361 3875 ut
384 3811 539 3876 homines
563 3812 634 3875 fere
658 3811 813 3896 aequales
842 3804 908 3890 (καὶ
934 3801 964 3871 οἱ
989 3801 1073 3870 κατὰ
1094 3801 1170 3883 τοὺς
1191 3799 1308 3883 αὐτοὺς
1328 3799 1494 3891 γενόμένοι

429 4137 455 4205 1)
474 4137 502 4191 id
514 4137 589 4209 quod
601 4137 704 4191 Suidas
715 4130 798 4206 φύσει
807 4141 924 4190 -θέσει
934 4136 1073 4202 nominat,
1084 4142 1117 4191 ut
1124 4129 1494 4208 ἈρίσταρχοςἈλεξανδρεὺς

320 4230 405 4281 θέσει.
434 4226 465 4299 τῇ
485 4225 516 4279 dl
537 4220 620 4296 φύσει
634 4220 798 4297 Σαμοθρᾴξ.
820 4257 851 4264 -
871 4227 898 4296 2)
918 4227 987 4280 item
1000 4226 1086 4281 Blass
1100 4227 1118 4280 l.
1130 4246 1152 4280 c.
1164 4244 1189 4296 p.
1199 4227 1260 4294 344,
1274 4230 1299 4282 1.
1320 4257 1352 4264 -
1371 4226 1400 4295 3)
1418 4245 1493 4282 non-

319 4316 400 4371 nulla
425 4316 502 4388 apud
530 4315 767 4392 EStemplingcr,
796 4315 935 4383 Strabone
954 4313 1169 4383 litterarhistor.
1189 4314 1319 4398 Notizeu,
1345 4316 1493 4388 Miiucheu¹

319 4403 397 4475 1894,
417 4425 443 4484 p.
463 4406 505 4460 m.
525 4405 640 4467 se-su.
678 4441 681 4450 ·
