3160 5118
783 363 1000 428 *25-

307 535 505 607 videbatur.‘
554 541 645 626 quid,
670 542 759 626 quod
784 564 823 606 ea
847 565 931 627 quae
947 543 1043 607 Zoilo
1071 540 1250 626 pecuniam
1278 539 1487 626 impetranti

307 658 536 723 aPtolemaeo
559 679 721 742 responsa
745 680 818 722 esse
835 658 1014 723 Vitruvius
1037 665 1162 736 narrat,
1187 657 1254 721 alio
1268 658 1342 721 loco
1360 657 1488 722 eadem

308 778 437 838 exstare
460 768 667 852 videmus?¹)
702 774 739 838 in
767 773 926 860 apophth.
959 796 1030 858 reg.
1055 773 1236 839 Plutarcho
1264 773 1403 838 tributis
1427 781 1489 838 est

306 892 352 975 (p.
380 889 441 954 175
465 889 518 966 O):
540 877 690 971 Ἱέρωνος.
737 890 768 953 4.
793 880 885 972 Πρὸς
908 883 944 950 δὲ
968 881 1156 974 Ξενοφάνην
1180 880 1239 950 τὸν
1261 879 1488 972 Κολοφώνιον

307 1005 379 1090 (qui
401 1009 541 1090 propter
556 1005 698 1070 Homeri
714 1005 931 1070 inimicitiam
946 1007 1095 1071 famosus
1112 1005 1195 1084 erat)
1219 996 1358 1066 εἰπόντα
1381 996 1487 1084 μόλις

308 1113 438 1193 οἰκέτας
473 1111 531 1181 dv'o
565 1115 696 1204 τρέφειν
731 1110 811 1197 ,ἀλλ’
832 1109 987 1205 Ὅμηρος
1023 1109 1116 1183 εἶπεν
1151 1107 1198 1198 ,ὃν
1232 1112 1271 1183 οὐ
1303 1113 1483 1205 διασύρεις,

307 1228 463 1309 πλείονας
498 1223 520 1320 ἢ
552 1228 688 1319 μυρίους
720 1231 833 1320 τρέφει
867 1229 1056 1321 τεθνηκώς(
1113 1259 1195 1302 num
1223 1260 1313 1302 nunc
1344 1260 1485 1323 quoque

308 1352 476 1416 illustrem
493 1334 706 1416 nominemus
721 1352 874 1418 Vitruvii
889 1352 1076 1437 historiam,
1101 1361 1139 1418 ut
1154 1349 1351 1436 vossius2)?
1375 1354 1484 1420 immo

308 1467 531 1532 assentiamur
565 1467 723 1532 Fabricio
759 1467 852 1550 (bibl.
889 1468 947 1534 Gr.
977 1469 994 1534 I
1028 1493 1060 1555 p.
1090 1469 1157 1533 560
1191 1467 1243 1534 ed.
1280 1469 1385 1546 Harl.)
1420 1471 1484 1554 qui

308 1583 506 1650 Vitruvium
543 1583 810 1667 „architecturae
846 1591 937 1648 certe
972 1607 1071 1670 quam
1096 1584 1256 1650 historiae
1280 1589 1314 1648 et
1338 1584 1484 1650 chrono-

307 1699 419 1784 logiae
456 1695 674 1784 peritiorem“
720 1705 812 1765 recte
856 1693 1104 1782 iudicaverat,
1152 1707 1188 1764 et
1231 1722 1306 1765 cum
1346 1701 1483 1766 Oleario

308 1814 482 1897 (Philostr.
512 1815 564 1880 ed.
592 1815 687 1899 1709,
712 1837 741 1901 p.
767 1813 846 1896 648)
881 1815 1034 1881 Vitruvii
1068 1816 1295 1881 narrationem
1331 1815 1483 1881 fabulam

308 1953 435 1995 meram
470 1953 543 1995 esse
578 1953 773 1996 censeamus
809 1941 843 1994 et
879 1953 944 2016 qua
979 1931 1135 1997 concludi
1164 1932 1271 2017 possit
1300 1931 1387 1997 nihil
1411 1933 1482 1997 nisi

225 2095 230 2102 .
309 2046 430 2132 quibus
454 2045 576 2111 animis
599 2045 752 2110 homines
776 2046 812 2111 in
828 2046 960 2110 Zoilum
983 2047 1112 2112 tuerint
1135 2047 1177 2112 ob
1194 2048 1266 2112 eius
1281 2027 1482 2113 Homericos

308 2155 441 2246 κρίσεις.
487 2161 757 2245 fundamentum,
781 2162 817 2226 in
841 2183 906 2246 quo
930 2162 1017 2226 Zoili
1047 2163 1225 2228 historiam
1253 2163 1481 2249 aedificemus,

308 2278 462 2343 Vitruvii
485 2278 578 2342 locus
603 2299 767 2342 essenon
791 2273 971 2358 videtur.⁴)
1018 2284 1225 2364 quantopere
1250 2302 1269 2343 a
1293 2280 1415 2345 ceteris
1439 2281 1483 2344 de

309 2395 404 2460 Zoilo
428 2393 634 2458 testimoniis
658 2393 804 2477 recedat,
829 2394 920 2459 intra
943 2393 1176 2479 explicabitur.

417 2512 447 2575 2.
473 2510 682 2594 aStrabone‚
708 2532 793 2595 quae
817 2509 859 2575 dc
883 2510 983 2574 rebus
999 2510 1175 2575 litterariis
1199 2511 1389 2596 traduntur,
1413 2511 1482 2576 fide

311 2627 414 2712 digna
438 2649 510 2692 esse
533 2625 727 2712 nuperrime
756 2626 951 2711 quaestione
979 2627 1185 2692 accuratiore
1214 2627 1483 2693 demonstratum

309 2750 414 2829 puto:
452 2745 495 2807 cf.
519 2741 809 2827 EStemplinger,
846 2741 1008 2808 Strabone
1044 2741 1378 2808 litterarhistorisohe
1413 2744 1481 2809 No·

309 2860 412 2942 tinen,
436 2858 551 2924 Mchn.
578 2858 673 2923 1894.
1096 2875 1098 2881 ⁴

418 2975 526 3039 3--5.
560 2974 765 3060 Dionysium
794 2974 1130 3040 Halicarnassensem
1159 2975 1299 3060 optimis
1330 2975 1481 3042 fontibus

311 3091 483 3157 moderate
506 3097 607 3176 atque
637 3091 810 3176 sapienter
838 3113 936 3156 usum
965 3113 1038 3156 esse
1063 3091 1158 3156 inter
1187 3113 1304 3156 omnes
1339 3098 1481 3158 constat.

313 3202 520 3289 Usenerusll
543 3207 701 3292 probavit
724 3229 792 3272 non
817 3208 924 3272 solum
948 3207 1074 3272 iudicia
1097 3208 1203 3272 altero
1228 3207 1269 3272 de
1292 3207 1481 3272 imitatione
1527 3237 1532 3243 ·

311 3325 398 3390 libro
421 3324 560 3410 prolata,
592 3323 634 3387 de
658 3324 779 3409 quibus
804 3323 972 3388 dubitatio
996 3323 1064 3388 iam
1087 3323 1181 3388 nulla
1205 3327 1266 3408 est,
1296 3323 1356 3388 sed
1380 3323 1481 3406 etiam

313 3463 428 3505 eorum
456 3461 541 3524 quae
576 3438 618 3504 de
651 3439 852 3524 Thucydide
888 3445 989 3524 atque
1025 3446 1195 3503 oratorum
1229 3438 1412 3505 virtutibus
1447 3448 1481 3504 et

313 3556 409 3622 vitiis
426 3555 570 3640 singulis
587 3554 928 3620 commentationibus
945 3555 1070 3634 docuit,
1096 3555 1215 3620 saltem
1232 3577 1362 3621 summa
1378 3556 1480 3620 linea-

437 3846 448 3918 )
467 3847 518 3902 ubi
536 3847 583 3901 hic
597 3846 676 3901 locus
689 3849 791 3915 exstet,
811 3844 939 3900 Wulfert
957 3864 983 3915 p.
995 3847 1011 3899 6
1024 3851 1054 3900 et
1067 3844 1201 3916 Spindler
1210 3865 1237 3916 p.
1251 3846 1283 3902 17
1297 3863 1355 3900 non
1369 3846 1474 3902 dicum

438 3937 448 4005 l

422 3851 434 3902 1

420 3939 437 3991 2
467 3936 502 3992 de
520 3936 588 3991 hist.
608 3935 657 3990 Gr.
677 3936 719 3990 ed.
740 3934 981 3989 AWestermann
1002 3953 1028 4005 p.
1052 3935 1110 3990 131.

421 4025 449 4097 3)
469 4026 504 4081 cf.
524 4023 794 4092 Teuffel-Schwabe,
814 4023 918 4078 Gesch.
938 4023 964 4077 d.
984 4030 1056 4078 rdm.
1076 4022 1160 4081 Litt.⁵
1178 4024 1194 4093 ἓ
1213 4024 1274 4093 264,
1286 4025 1312 4078 2.
1326 4025 1351 4081 3.

421 4117 448 4184 4)
467 4117 544 4171 idem
572 4113 716 4170 censuisse
744 4113 856 4184 gaudeo
884 4113 1052 4168 Reinesium
1071 4113 1140 4168 Ver.
1159 4114 1223 4168 lect.
1254 4113 1347 4184 (1640)
1377 4133 1402 4185 p.
1421 4115 1479 4168 329.

315 4208 336 4264 J
337 4206 459 4274 ensium,
488 4204 639 4276 descript.
658 4203 727 4258 hist.
746 4203 815 4274 phil.
835 4222 861 4275 p.
880 4203 916 4258 49
940 4202 981 4258 ed.
1001 4202 1039 4258 II.
1068 4203 1164 4257 Lauer
1176 4204 1193 4258 l.
1210 4222 1232 4258 c.
1249 4222 1276 4274 p.
1291 4203 1335 4272 37,
1350 4204 1401 4258 116
1410 4209 1479 4260 extr.

315 4296 444 4358 Wulfert
461 4314 488 4366 p.
508 4294 533 4348 6.
887 4291 890 4299 ’

422 4385 451 4454 ὅ)
470 4383 589 4465 Dionys.
608 4383 675 4445 Hal.
694 4381 757 4446 libr.
777 4383 812 4442 de
829 4381 902 4445 imit.
921 4382 982 4444 rell.
1003 4381 1080 4450 1889,
1100 4401 1127 4462 p.
1147 4383 1207 4445 141.
