3160 5118
783 389 1002 470 ⁴⁴84*-

412 579 537 650 Finem
560 582 723 649 faciemus
747 606 786 649 eo
810 584 939 650 scholio
962 606 1028 669 quo
1052 581 1184 648 codices
1208 583 1268 648 ΤΒ
1295 582 1400 648 finem
1426 581 1478 648 fe-

308 700 413 784 ciunt,
438 700 588 786 sapienti
611 700 670 766 illo
693 700 878 766 Menecreh'
853 706 898 765 hs
914 696 1071 780 Milesii¹)
1096 700 1202 766 dicho:
1228 698 1259 759 Ω
1280 701 1347 765 804
1370 701 1478 760 Μενε-

306 806 428 901 κράτης
451 809 551 900 φησὶν
574 807 811 895 αἰσθόμενον(
798 814 915 877 εαυτοῦ
938 805 1113 890 ἀσθενείας
1136 807 1192 876 τὸν
1215 807 1391 900 ποιητὴνῖ)
1420 810 1478 876 καὶ
1575 830 1576 922 p

306 931 365 992 τοῦ
387 923 434 1016 μὴ
459 921 582 1011 ὁμοίως
605 923 769 993 δύνασθαι
797 922 941 1016 φράζειν,
971 926 1067 992 ἐᾶσαι
1095 923 1136 992 τὰ
1164 932 1242 1010 μεθ’
1261 920 1479 1015 Ἕκτορα...

306 1047 378 1114 ΒΤ.
407 1070 460 1132 en,
488 1048 518 1112 si
546 1049 621 1133 quis
649 1049 752 1133 legat,
786 1047 961 1132 diiudicet,
994 1048 1151 1113 laudetur
1178 1049 1288 1133 magis
1316 1070 1359 1112 en
1388 1048 1480 1112 vitu-

307 1170 443 1249 peretur
469 1172 570 1250 poeta
593 1187 613 1229 a
635 1165 838 1230 Menecrate.

414 1281 502 1348 Uhuh
524 1281 560 1346 id
584 1287 645 1364 esc,
676 1281 758 1346 satis
781 1303 857 1346 raro
885 1281 921 1346 in
951 1280 1087 1345 scholiis
1115 1279 1384 1366 vituperatorum
1409 1280 1481 1343 Ho-

308 1395 393 1461 meri
421 1396 569 1481 veshigia
597 1418 771 1483 superesse
804 1397 1036 1481 cognovimus.
1087 1418 1229 1481 querum
1261 1394 1482 1479 reliquiarum

309 1513 415 1577 maior
446 1535 524 1599 pars
558 1520 611 1578 est
645 1513 925 1578 homunculorum
959 1512 1177 1578 obscurorum
1213 1533 1275 1575 nec
1308 1509 1481 1575 oblivione

308 1628 542 1713 indignorum3
568 1652 609 1693 ex
631 1629 810 1716 perpaucis
835 1629 893 1713 eis,
918 1650 1060 1713 quorum
1084 1627 1222 1693 nomina
1246 1631 1379 1692 servata
1399 1625 1481 1703 sini,

309 1744 456 1810 maxime
485 1752 520 1810 eh
548 1745 748 1831 scriptorum
777 1752 931 1810 veterum
965 1743 1128 1808 memorie
1156 1749 1190 1807 eh
1217 1742 1331 1809 indole
1362 1741 1482 1807 native.

308 1861 449 1946 eiusque
473 1861 610 1948 propris
634 1861 761 1925 eminet
784 1861 912 1926 Zoilus:
936 1881 1120 1945 perquem
1144 1865 1183 1923 ut
1205 1858 1316 1944 coepih
1340 1858 1389 1922 ita
1403 1857 1482 1922 fini·

307 1983 384 2041 atur
405 1977 488 2042 haec
514 1977 763 2043 commentatio

416 2219 443 2284 1)
461 2215 542 2270 cuius
571 2233 607 2269 ex
635 2214 715 2270 libris
741 2214 867 2268 frustula
894 2217 1006 2268 restant
1033 2212 1062 2266 in
1083 2210 1201 2267 scholiis
1220 2210 1414 2266 Herodianeis
1443 2210 1480 2264 ed

307 2307 381 2361 acc
399 2303 472 2375 (Ar)
491 2330 527 2349 =
544 2305 628 2375 1143,
641 2305 677 2359 eo
694 2305 737 2372 u,
756 2304 793 2358 ad
812 2305 903 2358 Asu
923 2303 971 2374 (A)
990 2326 1026 2347 =
1044 2301 1075 2355 11
1085 2302 1127 2370 re,
1138 2302 1173 2354 32
1186 2303 1222 2356 L.
1239 2311 1269 2356 ec
1282 2300 1338 2355 hio.
1358 2300 1481 2354 Mueller

307 2396 389 2450 rue
407 2395 509 2450 11345.
529 2425 561 2434 -
581 2393 609 2464 2)
630 2413 684 2449 om.
704 2395 736 2448 r.

823 4247 860 4304 ad
878 4267 905 4320 p.
924 4246 967 4304 25.

377 4357 454 4415 'Pesh
474 4361 510 4414 40
528 4373 606 4413 nunc
624 4361 753 4428 praestet
772 4357 938 4428 depromere
957 4373 993 4409 ex
1012 4353 1080 4409 edit.
1099 4351 1240 4407 Sudhaus.
1259 4369 1287 4422 p.
1306 4350 1359 4404 216
1378 4365 1420 4420 sq.
