<?xml version="1.0" encoding="UTF-8"?>
<!DOCTYPE html PUBLIC "-//W3C//DTD XHTML 1.0 Transitional//EN"
    "http://www.w3.org/TR/xhtml1/DTD/xhtml1-transitional.dtd">
<html xmlns="http://www.w3.org/1999/xhtml" xml:lang="en" lang="en">
 <head>
  <title>
</title>
<meta http-equiv="Content-Type" content="text/html;charset=utf-8" />
  <meta name='ocr-system' content='tesseract 3.04.00' />
  <meta name='ocr-capabilities' content='ocr_page ocr_carea ocr_par ocr_line ocrx_word'/>
</head>
<body>
  <div class='ocr_page' id='page_1' title='image "./dezoiloaliisque00friegoog_0010.png"; bbox 0 0 3160 5118; ppageno 0'>
   <div class='ocr_carea' id='block_1_1' title="bbox 596 406 794 488">
    <p class='ocr_par' dir='ltr' id='par_1_1' title="bbox 596 406 794 488">
     <span class='ocr_line' id='line_1_1' title="bbox 596 406 794 488; baseline 0 -19"><span class='ocrx_word' id='word_1_1' title='bbox 596 406 794 488; x_wconf 67' lang='lat' dir='ltr'><strong>...e..</strong></span> 
     </span>
    </p>
   </div>
   <div class='ocr_carea' id='block_1_2' title="bbox 111 593 1282 700">
    <p class='ocr_par' dir='ltr' id='par_1_2' title="bbox 111 593 1282 700">
     <span class='ocr_line' id='line_1_2' title="bbox 111 593 1282 700; baseline 0.003 -37"><span class='ocrx_word' id='word_1_2' title='bbox 111 598 415 700; x_wconf 78' lang='lat' dir='ltr'><strong>conscriptionibus</strong></span> <span class='ocrx_word' id='word_1_3' title='bbox 451 601 632 667; x_wconf 85' lang='lat' dir='ltr'><strong>memoriae</strong></span> <span class='ocrx_word' id='word_1_4' title='bbox 663 600 846 666; x_wconf 90' lang='lat' dir='ltr'><strong>tradendos</strong></span> <span class='ocrx_word' id='word_1_5' title='bbox 887 597 1111 686; x_wconf 88' lang='lat' dir='ltr'><strong>curaverunt‘]</strong></span> <span class='ocrx_word' id='word_1_6' title='bbox 1150 593 1282 688; x_wconf 88' lang='lat' dir='ltr'><strong>gratiae</strong></span> 
     </span>
    </p>
   </div>
   <div class='ocr_carea' id='block_1_3' title="bbox 107 715 1364 4520">
    <p class='ocr_par' dir='ltr' id='par_1_3' title="bbox 107 715 1364 4520">
     <span class='ocr_line' id='line_1_3' title="bbox 109 715 1282 804; baseline 0.004 -25"><span class='ocrx_word' id='word_1_7' title='bbox 109 723 190 780; x_wconf 89' lang='lat' dir='ltr'><strong>sunt</strong></span> <span class='ocrx_word' id='word_1_8' title='bbox 224 715 385 800; x_wconf 81' lang='lat' dir='ltr'>agendae,</span> <span class='ocrx_word' id='word_1_9' title='bbox 424 723 541 782; x_wconf 90' lang='lat' dir='ltr'><strong>contra</strong></span> <span class='ocrx_word' id='word_1_10' title='bbox 569 718 628 803; x_wconf 89' lang='lat' dir='ltr'><strong>qui</strong></span> <span class='ocrx_word' id='word_1_11' title='bbox 656 739 772 783; x_wconf 90' lang='grc'><strong>60111111</strong></span> <span class='ocrx_word' id='word_1_12' title='bbox 796 717 926 804; x_wconf 42' lang='lat' dir='ltr'><strong>scripta,</strong></span> <span class='ocrx_word' id='word_1_13' title='bbox 950 719 1104 783; x_wconf 83' lang='lat' dir='ltr'><strong>iurantes</strong></span> <span class='ocrx_word' id='word_1_14' title='bbox 1127 740 1189 804; x_wconf 90' lang='lat' dir='ltr'><strong>pro</strong></span> <span class='ocrx_word' id='word_1_15' title='bbox 1213 720 1282 784; x_wconf 89' lang='lat' dir='ltr'><strong>suis</strong></span> 
     </span>
     <span class='ocr_line' id='line_1_4' title="bbox 108 831 1282 920; baseline 0.005 -26"><span class='ocrx_word' id='word_1_16' title='bbox 108 831 309 915; x_wconf 86' lang='lat' dir='ltr'><strong>praedicant</strong></span> <span class='ocrx_word' id='word_1_17' title='bbox 324 841 404 898; x_wconf 87' lang='grc'><strong>611111</strong></span> <span class='ocrx_word' id='word_1_18' title='bbox 421 832 648 919; x_wconf 87' lang='lat' dir='ltr'><strong>vituperandi,</strong></span> <span class='ocrx_word' id='word_1_19' title='bbox 673 834 799 919; x_wconf 90' lang='lat' dir='ltr'><strong>quique</strong></span> <span class='ocrx_word' id='word_1_20' title='bbox 815 855 883 898; x_wconf 89' lang='grc'><strong>11011</strong></span> <span class='ocrx_word' id='word_1_21' title='bbox 901 833 1048 920; x_wconf 86' lang='lat' dir='ltr'><strong>propriis</strong></span> <span class='ocrx_word' id='word_1_22' title='bbox 1064 833 1282 918; x_wconf 84' lang='lat' dir='ltr'><strong>cogitationi-</strong></span> 
     </span>
     <span class='ocr_line' id='line_1_5' title="bbox 108 946 1282 1049; baseline 0.005 -39"><span class='ocrx_word' id='word_1_23' title='bbox 108 946 173 1010; x_wconf 89' lang='lat' dir='ltr'><strong>bus</strong></span> <span class='ocrx_word' id='word_1_24' title='bbox 201 948 402 1034; x_wconf 87' lang='lat' dir='ltr'><strong>scriptorum</strong></span> <span class='ocrx_word' id='word_1_25' title='bbox 431 950 598 1034; x_wconf 88' lang='lat' dir='ltr'><strong>nituntur,</strong></span> <span class='ocrx_word' id='word_1_26' title='bbox 628 949 695 1049; x_wconf 80' lang='lat' dir='ltr'><strong>¹sed</strong></span> <span class='ocrx_word' id='word_1_27' title='bbox 729 949 858 1014; x_wconf 86' lang='lat' dir='ltr'><strong>invidis</strong></span> <span class='ocrx_word' id='word_1_28' title='bbox 888 949 1037 1014; x_wconf 90' lang='lat' dir='ltr'><strong>moribus</strong></span> <span class='ocrx_word' id='word_1_29' title='bbox 1070 950 1182 1016; x_wconf 88' lang='lat' dir='ltr'><strong>alinea</strong></span> <span class='ocrx_word' id='word_1_30' title='bbox 1210 951 1282 1016; x_wconf 83' lang='lat' dir='ltr'><strong>vio-</strong></span> 
     </span>
     <span class='ocr_line' id='line_1_6' title="bbox 108 1062 1282 1150; baseline 0.004 -24"><span class='ocrx_word' id='word_1_31' title='bbox 108 1062 220 1128; x_wconf 85' lang='lat' dir='ltr'><strong>lantes</strong></span> <span class='ocrx_word' id='word_1_32' title='bbox 243 1065 444 1149; x_wconf 69' lang='lat' dir='ltr'><strong>gloriantur,</strong></span> <span class='ocrx_word' id='word_1_33' title='bbox 469 1088 538 1130; x_wconf 92' lang='lat' dir='ltr'><strong>non</strong></span> <span class='ocrx_word' id='word_1_34' title='bbox 562 1064 662 1130; x_wconf 92' lang='lat' dir='ltr'><strong>modo</strong></span> <span class='ocrx_word' id='word_1_35' title='bbox 686 1075 767 1130; x_wconf 88' lang='lat' dir='ltr'><strong>sunt</strong></span> <span class='ocrx_word' id='word_1_36' title='bbox 788 1064 1070 1150; x_wconf 88' lang='lat' dir='ltr'><strong>reprehendendi,</strong></span> <span class='ocrx_word' id='word_1_37' title='bbox 1095 1065 1155 1130; x_wconf 86' lang='lat' dir='ltr'><strong>sed</strong></span> <span class='ocrx_word' id='word_1_38' title='bbox 1179 1066 1282 1131; x_wconf 85' lang='lat' dir='ltr'><strong>etiam</strong></span> 
     </span>
     <span class='ocr_line' id='line_1_7' title="bbox 110 1178 1283 1266; baseline 0.003 -24"><span class='ocrx_word' id='word_1_39' title='bbox 110 1178 190 1262; x_wconf 90' lang='lat' dir='ltr'><strong>quia</strong></span> <span class='ocrx_word' id='word_1_40' title='bbox 212 1179 317 1266; x_wconf 93' lang='lat' dir='ltr'><strong>impio</strong></span> <span class='ocrx_word' id='word_1_41' title='bbox 346 1202 438 1246; x_wconf 91' lang='grc'><strong>111016</strong></span> <span class='ocrx_word' id='word_1_42' title='bbox 462 1182 632 1264; x_wconf 89' lang='lat' dir='ltr'><strong>vixerunt,</strong></span> <span class='ocrx_word' id='word_1_43' title='bbox 656 1203 766 1266; x_wconf 86' lang='lat' dir='ltr'><strong>poena</strong></span> <span class='ocrx_word' id='word_1_44' title='bbox 790 1180 1051 1246; x_wconf 86' lang='lat' dir='ltr'><strong>condemnandi.</strong></span> <span class='ocrx_word' id='word_1_45' title='bbox 1081 1204 1145 1247; x_wconf 91' lang='lat' dir='ltr'><strong>nec</strong></span> <span class='ocrx_word' id='word_1_46' title='bbox 1167 1187 1283 1247; x_wconf 87' lang='lat' dir='ltr'><strong>temen</strong></span> 
     </span>
     <span class='ocr_line' id='line_1_8' title="bbox 109 1293 1282 1382; baseline 0.004 -24"><span class='ocrx_word' id='word_1_47' title='bbox 109 1293 192 1359; x_wconf 83' lang='lat' dir='ltr'><strong>haec</strong></span> <span class='ocrx_word' id='word_1_48' title='bbox 215 1315 269 1359; x_wconf 90' lang='lat' dir='ltr'><strong>res</strong></span> <span class='ocrx_word' id='word_1_49' title='bbox 297 1317 367 1361; x_wconf 91' lang='lat' dir='ltr'><strong>non</strong></span> <span class='ocrx_word' id='word_1_50' title='bbox 394 1297 587 1363; x_wconf 78' lang='lat' dir='ltr'><strong>vindicatae</strong></span> <span class='ocrx_word' id='word_1_51' title='bbox 617 1296 781 1361; x_wconf 81' lang='lat' dir='ltr'><strong>curiosius</strong></span> <span class='ocrx_word' id='word_1_52' title='bbox 812 1297 853 1363; x_wconf 86' lang='lat' dir='ltr'><strong>ab</strong></span> <span class='ocrx_word' id='word_1_53' title='bbox 883 1295 1034 1382; x_wconf 87' lang='lat' dir='ltr'><strong>antiquis</strong></span> <span class='ocrx_word' id='word_1_54' title='bbox 1059 1319 1133 1362; x_wconf 87' lang='grc'><strong>6666</strong></span> <span class='ocrx_word' id='word_1_55' title='bbox 1156 1319 1282 1363; x_wconf 92' lang='lat' dir='ltr'><strong>memo-</strong></span> 
     </span>
     <span class='ocr_line' id='line_1_9' title="bbox 108 1411 1283 1498; baseline 0.003 -23"><span class='ocrx_word' id='word_1_56' title='bbox 108 1417 238 1476; x_wconf 84' lang='lat' dir='ltr'><strong>rantur.</strong></span> <span class='ocrx_word' id='word_1_57' title='bbox 286 1433 428 1498; x_wconf 91' lang='lat' dir='ltr'><strong>quorum</strong></span> <span class='ocrx_word' id='word_1_58' title='bbox 463 1413 575 1478; x_wconf 86' lang='lat' dir='ltr'><strong>exitus</strong></span> <span class='ocrx_word' id='word_1_59' title='bbox 613 1411 817 1478; x_wconf 89' lang='lat' dir='ltr'><strong>iudiciorum</strong></span> <span class='ocrx_word' id='word_1_60' title='bbox 858 1413 916 1498; x_wconf 90' lang='lat' dir='ltr'><strong>qui</strong></span> <span class='ocrx_word' id='word_1_61' title='bbox 951 1413 1090 1496; x_wconf 81' lang='lat' dir='ltr'><strong>luerint,</strong></span> <span class='ocrx_word' id='word_1_62' title='bbox 1126 1433 1196 1478; x_wconf 92' lang='lat' dir='ltr'><strong>non</strong></span> <span class='ocrx_word' id='word_1_63' title='bbox 1231 1421 1283 1479; x_wconf 86' lang='lat' dir='ltr'><strong>est</strong></span> 
     </span>
     <span class='ocr_line' id='line_1_10' title="bbox 108 1525 1283 1615; baseline 0.003 -25"><span class='ocrx_word' id='word_1_64' title='bbox 108 1525 258 1592; x_wconf 87' lang='lat' dir='ltr'><strong>alienum</strong></span> <span class='ocrx_word' id='word_1_65' title='bbox 282 1529 564 1613; x_wconf 88' lang='lat' dir='ltr'><strong>quemadmodum</strong></span> <span class='ocrx_word' id='word_1_66' title='bbox 589 1529 659 1594; x_wconf 89' lang='lat' dir='ltr'><strong>sint</strong></span> <span class='ocrx_word' id='word_1_67' title='bbox 682 1529 780 1594; x_wconf 89' lang='lat' dir='ltr'><strong>nobis</strong></span> <span class='ocrx_word' id='word_1_68' title='bbox 803 1529 930 1594; x_wconf 88' lang='lat' dir='ltr'><strong>tradita</strong></span> <span class='ocrx_word' id='word_1_69' title='bbox 947 1529 1122 1615; x_wconf 87' lang='lat' dir='ltr'><strong>explicere.</strong></span> <span class='ocrx_word' id='word_1_70' title='bbox 1160 1528 1283 1615; x_wconf 87' lang='lat' dir='ltr'><strong>[eequi-</strong></span> 
     </span>
     <span class='ocr_line' id='line_1_11' title="bbox 108 1643 1282 1731; baseline 0.003 -25"><span class='ocrx_word' id='word_1_71' title='bbox 108 1649 166 1707; x_wconf 90' lang='lat' dir='ltr'><strong>tur</strong></span> <span class='ocrx_word' id='word_1_72' title='bbox 193 1643 442 1710; x_wconf 89' lang='lat' dir='ltr'><strong>historiuncula</strong></span> <span class='ocrx_word' id='word_1_73' title='bbox 475 1645 641 1711; x_wconf 85' lang='lat' dir='ltr'><strong>mirabilis</strong></span> <span class='ocrx_word' id='word_1_74' title='bbox 676 1645 718 1709; x_wconf 90' lang='lat' dir='ltr'><strong>de</strong></span> <span class='ocrx_word' id='word_1_75' title='bbox 747 1644 975 1731; x_wconf 80' lang='lat' dir='ltr'><strong>Aristophane</strong></span> <span class='ocrx_word' id='word_1_76' title='bbox 1005 1645 1097 1731; x_wconf 88' lang='lat' dir='ltr'><strong>apud</strong></span> <span class='ocrx_word' id='word_1_77' title='bbox 1124 1645 1282 1711; x_wconf 84' lang='lat' dir='ltr'><strong>Attalum</strong></span> 
     </span>
     <span class='ocr_line' id='line_1_12' title="bbox 109 1756 1282 1848; baseline 0.004 -26"><span class='ocrx_word' id='word_1_78' title='bbox 109 1779 226 1843; x_wconf 90' lang='lat' dir='ltr'><strong>regem</strong></span> <span class='ocrx_word' id='word_1_79' title='bbox 260 1756 388 1825; x_wconf 59' lang='lat' dir='ltr'><strong>‘iudicio</strong></span> <span class='ocrx_word' id='word_1_80' title='bbox 418 1762 613 1826; x_wconf 72' lang='lat' dir='ltr'><strong>certaminis</strong></span> <span class='ocrx_word' id='word_1_81' title='bbox 647 1762 779 1844; x_wconf 72' lang='grc'><strong>11111010,</strong></span> <span class='ocrx_word' id='word_1_82' title='bbox 816 1760 911 1826; x_wconf 88' lang='lat' dir='ltr'><strong>cuius</strong></span> <span class='ocrx_word' id='word_1_83' title='bbox 944 1760 1022 1826; x_wconf 88' lang='lat' dir='ltr'><strong>finis</strong></span> <span class='ocrx_word' id='word_1_84' title='bbox 1052 1767 1113 1844; x_wconf 91' lang='lat' dir='ltr'><strong>est,</strong></span> <span class='ocrx_word' id='word_1_85' title='bbox 1149 1784 1181 1848; x_wconf 91' lang='lat' dir='ltr'><strong>p.</strong></span> <span class='ocrx_word' id='word_1_86' title='bbox 1208 1763 1282 1844; x_wconf 77' lang='lat'><strong>157,</strong></span> 
     </span>
     <span class='ocr_line' id='line_1_13' title="bbox 111 1871 1283 1962; baseline 0.003 -24"><span class='ocrx_word' id='word_1_87' title='bbox 111 1875 154 1939; x_wconf 86' lang='lat'><strong>14</strong></span> <span class='ocrx_word' id='word_1_88' title='bbox 170 1894 242 1961; x_wconf 88' lang='lat' dir='ltr'><strong>sqq.</strong></span> <span class='ocrx_word' id='word_1_89' title='bbox 252 1871 274 1961; x_wconf 90' lang='lat'><strong>:]</strong></span> <span class='ocrx_word' id='word_1_90' title='bbox 298 1928 305 1942; x_wconf 93' lang='lat'><em>.</em></span> <span class='ocrx_word' id='word_1_91' title='bbox 325 1927 357 1942; x_wconf 94' lang='lat'><strong>..</strong></span> <span class='ocrx_word' id='word_1_92' title='bbox 400 1899 463 1942; x_wconf 88' lang='lat' dir='ltr'><strong>ex.</strong></span> <span class='ocrx_word' id='word_1_93' title='bbox 490 1927 497 1942; x_wconf 92' lang='lat'><strong>.</strong></span> <span class='ocrx_word' id='word_1_94' title='bbox 524 1927 530 1942; x_wconf 93' lang='lat'>.</span> <span class='ocrx_word' id='word_1_95' title='bbox 555 1876 845 1962; x_wconf 69' lang='lat' dir='ltr'><strong>Aristophanem.</strong></span> <span class='ocrx_word' id='word_1_96' title='bbox 872 1927 879 1942; x_wconf 94' lang='lat'><strong>.</strong></span> <span class='ocrx_word' id='word_1_97' title='bbox 906 1926 912 1941; x_wconf 94' lang='lat'><strong>.</strong></span> <span class='ocrx_word' id='word_1_98' title='bbox 930 1876 1149 1962; x_wconf 87' lang='lat' dir='ltr'><strong>amplissimis</strong></span> <span class='ocrx_word' id='word_1_99' title='bbox 1166 1899 1283 1942; x_wconf 89' lang='lat' dir='ltr'><strong>mune-</strong></span> 
     </span>
     <span class='ocr_line' id='line_1_14' title="bbox 107 1991 1364 2080; baseline 0.003 -26"><span class='ocrx_word' id='word_1_100' title='bbox 107 1991 192 2056; x_wconf 89' lang='lat' dir='ltr'><strong>ribis</strong></span> <span class='ocrx_word' id='word_1_101' title='bbox 216 1994 352 2058; x_wconf 87' lang='lat' dir='ltr'><strong>ornavit</strong></span> <span class='ocrx_word' id='word_1_102' title='bbox 375 2000 410 2058; x_wconf 90' lang='lat' dir='ltr'><strong>et</strong></span> <span class='ocrx_word' id='word_1_103' title='bbox 425 2015 527 2080; x_wconf 89' lang='lat' dir='ltr'><strong>supra</strong></span> <span class='ocrx_word' id='word_1_104' title='bbox 543 1993 783 2058; x_wconf 81' lang='lat' dir='ltr'><strong>bibliothecam</strong></span> <span class='ocrx_word' id='word_1_105' title='bbox 800 1993 988 2058; x_wconf 88' lang='lat' dir='ltr'><strong>coustituit.</strong></span> <span class='ocrx_word' id='word_1_106' title='bbox 1025 1992 1282 2079; x_wconf 85' lang='lat' dir='ltr'><strong>insequentibus</strong></span> <span class='ocrx_word' id='word_1_107' title='bbox 1361 2003 1364 2010; x_wconf 85' lang='lat'>&#39;</span> 
     </span>
     <span class='ocr_line' id='line_1_15' title="bbox 109 2108 1283 2195; baseline 0.003 -23"><span class='ocrx_word' id='word_1_108' title='bbox 109 2108 208 2173; x_wconf 87' lang='lat' dir='ltr'><strong>annis</strong></span> <span class='ocrx_word' id='word_1_109' title='bbox 247 2131 266 2173; x_wconf 88' lang='lat' dir='ltr'><strong>a</strong></span> <span class='ocrx_word' id='word_1_110' title='bbox 304 2108 504 2175; x_wconf 89' lang='lat' dir='ltr'><strong>Macedonia</strong></span> <span class='ocrx_word' id='word_1_111' title='bbox 541 2109 672 2193; x_wconf 85' lang='lat' dir='ltr'><strong>Zoilus,</strong></span> <span class='ocrx_word' id='word_1_112' title='bbox 708 2109 767 2195; x_wconf 89' lang='lat' dir='ltr'><strong>qui</strong></span> <span class='ocrx_word' id='word_1_113' title='bbox 802 2108 979 2195; x_wconf 82' lang='lat' dir='ltr'><strong>adoptavit</strong></span> <span class='ocrx_word' id='word_1_114' title='bbox 1018 2131 1206 2194; x_wconf 89' lang='lat' dir='ltr'><strong>cognomen</strong></span> <span class='ocrx_word' id='word_1_115' title='bbox 1243 2116 1283 2175; x_wconf 87' lang='lat' dir='ltr'><strong>ut</strong></span> 
     </span>
     <span class='ocr_line' id='line_1_16' title="bbox 109 2223 1281 2311; baseline 0.001 -23"><span class='ocrx_word' id='word_1_116' title='bbox 109 2226 384 2290; x_wconf 86' lang='lat' dir='ltr'><strong>Homeromastix</strong></span> <span class='ocrx_word' id='word_1_117' title='bbox 399 2226 614 2307; x_wconf 85' lang='lat' dir='ltr'><strong>vocitaretur,</strong></span> <span class='ocrx_word' id='word_1_118' title='bbox 640 2223 884 2291; x_wconf 86' lang='lat' dir='ltr'><strong>Alexandriam</strong></span> <span class='ocrx_word' id='word_1_119' title='bbox 901 2226 997 2290; x_wconf 89' lang='lat' dir='ltr'><strong>venit</strong></span> <span class='ocrx_word' id='word_1_120' title='bbox 1013 2247 1139 2310; x_wconf 87' lang='lat' dir='ltr'><strong>suaque</strong></span> <span class='ocrx_word' id='word_1_121' title='bbox 1155 2225 1281 2311; x_wconf 87' lang='lat' dir='ltr'><strong>scripta</strong></span> 
     </span>
     <span class='ocr_line' id='line_1_17' title="bbox 109 2340 1281 2428; baseline -0.001 -23"><span class='ocrx_word' id='word_1_122' title='bbox 109 2346 228 2406; x_wconf 89' lang='lat' dir='ltr'><strong>contra</strong></span> <span class='ocrx_word' id='word_1_123' title='bbox 251 2340 393 2406; x_wconf 87' lang='lat' dir='ltr'><strong>Iliadem</strong></span> <span class='ocrx_word' id='word_1_124' title='bbox 419 2347 454 2405; x_wconf 91' lang='lat' dir='ltr'><strong>et</strong></span> <span class='ocrx_word' id='word_1_125' title='bbox 477 2342 653 2428; x_wconf 87' lang='lat' dir='ltr'><strong>Odyssean</strong></span> <span class='ocrx_word' id='word_1_126' title='bbox 669 2349 862 2427; x_wconf 89' lang='lat' dir='ltr'><strong>comparata</strong></span> <span class='ocrx_word' id='word_1_127' title='bbox 878 2341 952 2425; x_wconf 90' lang='lat' dir='ltr'><strong>regi</strong></span> <span class='ocrx_word' id='word_1_128' title='bbox 968 2340 1136 2405; x_wconf 87' lang='lat' dir='ltr'><strong>recitavit.</strong></span> <span class='ocrx_word' id='word_1_129' title='bbox 1169 2341 1281 2405; x_wconf 93' lang='lat' dir='ltr'><strong>Ptole-</strong></span> 
     </span>
     <span class='ocr_line' id='line_1_18' title="bbox 108 2456 1282 2542; baseline 0.001 -22"><span class='ocrx_word' id='word_1_130' title='bbox 108 2479 225 2521; x_wconf 89' lang='lat' dir='ltr'><strong>maeus</strong></span> <span class='ocrx_word' id='word_1_131' title='bbox 249 2479 339 2541; x_wconf 89' lang='lat' dir='ltr'><strong>ver0,</strong></span> <span class='ocrx_word' id='word_1_132' title='bbox 365 2479 439 2522; x_wconf 90' lang='lat' dir='ltr'><strong>cum</strong></span> <span class='ocrx_word' id='word_1_133' title='bbox 464 2457 761 2522; x_wconf 86' lang='lat' dir='ltr'><strong>animadvertisset</strong></span> <span class='ocrx_word' id='word_1_134' title='bbox 783 2467 958 2542; x_wconf 73' lang='lat' dir='ltr'><strong>poetarum</strong></span> <span class='ocrx_word' id='word_1_135' title='bbox 982 2463 1158 2542; x_wconf 88' lang='lat' dir='ltr'><strong>parentem</strong></span> <span class='ocrx_word' id='word_1_136' title='bbox 1174 2456 1282 2542; x_wconf 91' lang='lat' dir='ltr'><strong>philo·</strong></span> 
     </span>
     <span class='ocr_line' id='line_1_19' title="bbox 108 2572 1282 2658; baseline 0.001 -22"><span class='ocrx_word' id='word_1_137' title='bbox 108 2573 287 2658; x_wconf 84' lang='lat' dir='ltr'><strong>logiasque</strong></span> <span class='ocrx_word' id='word_1_138' title='bbox 310 2574 419 2638; x_wconf 90' lang='lat' dir='ltr'><strong>omnis</strong></span> <span class='ocrx_word' id='word_1_139' title='bbox 445 2573 564 2638; x_wconf 89' lang='lat' dir='ltr'><strong>ducem</strong></span> <span class='ocrx_word' id='word_1_140' title='bbox 589 2573 766 2638; x_wconf 85' lang='lat' dir='ltr'><strong>absentem</strong></span> <span class='ocrx_word' id='word_1_141' title='bbox 790 2572 906 2637; x_wconf 86' lang='lat' dir='ltr'><strong>vexari</strong></span> <span class='ocrx_word' id='word_1_142' title='bbox 930 2577 965 2636; x_wconf 89' lang='lat' dir='ltr'><strong>et</strong></span> <span class='ocrx_word' id='word_1_143' title='bbox 981 2572 1075 2636; x_wconf 90' lang='lat' dir='ltr'><strong>cuius</strong></span> <span class='ocrx_word' id='word_1_144' title='bbox 1092 2572 1133 2637; x_wconf 89' lang='lat' dir='ltr'><strong>ab</strong></span> <span class='ocrx_word' id='word_1_145' title='bbox 1152 2573 1282 2637; x_wconf 89' lang='lat' dir='ltr'><strong>cunctis</strong></span> 
     </span>
     <span class='ocr_line' id='line_1_20' title="bbox 108 2688 1282 2776; baseline 0 -23"><span class='ocrx_word' id='word_1_146' title='bbox 108 2688 270 2774; x_wconf 89' lang='lat' dir='ltr'><strong>gentibus</strong></span> <span class='ocrx_word' id='word_1_147' title='bbox 294 2690 421 2775; x_wconf 88' lang='lat' dir='ltr'><strong>scripta</strong></span> <span class='ocrx_word' id='word_1_148' title='bbox 450 2689 705 2776; x_wconf 87' lang='lat' dir='ltr'><strong>suspicerentur</strong></span> <span class='ocrx_word' id='word_1_149' title='bbox 732 2690 774 2753; x_wconf 87' lang='lat' dir='ltr'><strong>ab</strong></span> <span class='ocrx_word' id='word_1_150' title='bbox 803 2710 842 2753; x_wconf 93' lang='lat' dir='ltr'><strong>eo</strong></span> <span class='ocrx_word' id='word_1_151' title='bbox 870 2688 1067 2774; x_wconf 83' lang='lat' dir='ltr'><strong>vituperari,</strong></span> <span class='ocrx_word' id='word_1_152' title='bbox 1097 2688 1282 2772; x_wconf 87' lang='lat' dir='ltr'><strong>indignans</strong></span> 
     </span>
     <span class='ocr_line' id='line_1_21' title="bbox 109 2803 1282 2891; baseline -0.002 -21"><span class='ocrx_word' id='word_1_153' title='bbox 109 2805 242 2870; x_wconf 92' lang='lat' dir='ltr'><strong>nullum</strong></span> <span class='ocrx_word' id='word_1_154' title='bbox 271 2806 303 2871; x_wconf 90' lang='lat' dir='ltr'><strong>ei</strong></span> <span class='ocrx_word' id='word_1_155' title='bbox 331 2806 428 2871; x_wconf 88' lang='lat' dir='ltr'><strong>dedit</strong></span> <span class='ocrx_word' id='word_1_156' title='bbox 454 2827 664 2891; x_wconf 86' lang='lat' dir='ltr'><strong>responsum.</strong></span> <span class='ocrx_word' id='word_1_157' title='bbox 711 2805 826 2870; x_wconf 89' lang='lat' dir='ltr'><strong>Zoilus</strong></span> <span class='ocrx_word' id='word_1_158' title='bbox 854 2811 968 2869; x_wconf 88' lang='lat' dir='ltr'><strong>autem</strong></span> <span class='ocrx_word' id='word_1_159' title='bbox 992 2826 1068 2868; x_wconf 92' lang='lat' dir='ltr'><strong>cum</strong></span> <span class='ocrx_word' id='word_1_160' title='bbox 1092 2803 1221 2869; x_wconf 90' lang='lat' dir='ltr'><strong>diutius</strong></span> <span class='ocrx_word' id='word_1_161' title='bbox 1245 2804 1282 2868; x_wconf 92' lang='lat' dir='ltr'><strong>in</strong></span> 
     </span>
     <span class='ocr_line' id='line_1_22' title="bbox 110 2919 1281 3008; baseline -0.001 -23"><span class='ocrx_word' id='word_1_162' title='bbox 110 2943 217 3006; x_wconf 89' lang='lat' dir='ltr'><strong>regno</strong></span> <span class='ocrx_word' id='word_1_163' title='bbox 239 2923 371 3007; x_wconf 83' lang='grc'><strong>11116661,</strong></span> <span class='ocrx_word' id='word_1_164' title='bbox 396 2922 512 3008; x_wconf 88' lang='lat' dir='ltr'><strong>inopia</strong></span> <span class='ocrx_word' id='word_1_165' title='bbox 535 2941 669 3008; x_wconf 76' lang='lat' dir='ltr'><strong>pressu·</strong></span> <span class='ocrx_word' id='word_1_166' title='bbox 694 2921 866 2986; x_wconf 89' lang='lat' dir='ltr'><strong>summisit</strong></span> <span class='ocrx_word' id='word_1_167' title='bbox 893 2919 935 2985; x_wconf 94' lang='lat' dir='ltr'><strong>ad</strong></span> <span class='ocrx_word' id='word_1_168' title='bbox 959 2942 1074 3004; x_wconf 86' lang='lat' dir='ltr'><strong>regem</strong></span> <span class='ocrx_word' id='word_1_169' title='bbox 1097 2920 1281 3005; x_wconf 87' lang='lat' dir='ltr'><strong>postulans,</strong></span> 
     </span>
     <span class='ocr_line' id='line_1_23' title="bbox 110 3034 1284 3124; baseline -0.002 -22"><span class='ocrx_word' id='word_1_170' title='bbox 110 3043 150 3102; x_wconf 89' lang='grc'><strong>111</strong></span> <span class='ocrx_word' id='word_1_171' title='bbox 184 3038 314 3124; x_wconf 88' lang='lat' dir='ltr'><strong>aliquid</strong></span> <span class='ocrx_word' id='word_1_172' title='bbox 349 3038 416 3103; x_wconf 78' lang='lat' dir='ltr'><strong>ribi</strong></span> <span class='ocrx_word' id='word_1_173' title='bbox 452 3038 666 3103; x_wconf 89' lang='lat' dir='ltr'><strong>tribueretur.</strong></span> <span class='ocrx_word' id='word_1_174' title='bbox 712 3060 772 3102; x_wconf 87' lang='lat' dir='ltr'><strong>rex</strong></span> <span class='ocrx_word' id='word_1_175' title='bbox 800 3059 881 3102; x_wconf 90' lang='lat' dir='ltr'><strong>vero</strong></span> <span class='ocrx_word' id='word_1_176' title='bbox 913 3036 1129 3120; x_wconf 89' lang='lat' dir='ltr'><strong>respondisse</strong></span> <span class='ocrx_word' id='word_1_177' title='bbox 1157 3034 1284 3101; x_wconf 89' lang='lat' dir='ltr'><strong>dicitur</strong></span> 
     </span>
     <span class='ocr_line' id='line_1_24' title="bbox 111 3152 1282 3240; baseline -0.002 -22"><span class='ocrx_word' id='word_1_178' title='bbox 111 3155 308 3237; x_wconf 89' lang='lat' dir='ltr'><strong>Homerum,</strong></span> <span class='ocrx_word' id='word_1_179' title='bbox 339 3155 398 3240; x_wconf 90' lang='lat' dir='ltr'><strong>qui</strong></span> <span class='ocrx_word' id='word_1_180' title='bbox 426 3159 504 3218; x_wconf 89' lang='lat' dir='ltr'><strong>ante</strong></span> <span class='ocrx_word' id='word_1_181' title='bbox 528 3175 635 3218; x_wconf 87' lang='lat' dir='ltr'><strong>annos</strong></span> <span class='ocrx_word' id='word_1_182' title='bbox 658 3153 752 3217; x_wconf 91' lang='lat' dir='ltr'><strong>mille</strong></span> <span class='ocrx_word' id='word_1_183' title='bbox 776 3152 987 3234; x_wconf 87' lang='lat' dir='ltr'><strong>decessisset,</strong></span> <span class='ocrx_word' id='word_1_184' title='bbox 1012 3174 1095 3217; x_wconf 88' lang='lat' dir='ltr'><strong>aevo</strong></span> <span class='ocrx_word' id='word_1_185' title='bbox 1119 3157 1282 3238; x_wconf 90' lang='lat' dir='ltr'><strong>perpetuo</strong></span> 
     </span>
     <span class='ocr_line' id='line_1_25' title="bbox 111 3266 1281 3354; baseline -0.003 -20"><span class='ocrx_word' id='word_1_186' title='bbox 111 3269 338 3334; x_wconf 87' lang='lat' dir='ltr'><strong>multamilia</strong></span> <span class='ocrx_word' id='word_1_187' title='bbox 362 3269 537 3334; x_wconf 90' lang='lat' dir='ltr'><strong>hominum</strong></span> <span class='ocrx_word' id='word_1_188' title='bbox 561 3290 706 3354; x_wconf 90' lang='lat' dir='ltr'><strong>pascere,</strong></span> <span class='ocrx_word' id='word_1_189' title='bbox 733 3269 816 3332; x_wconf 91' lang='grc'><strong>116111</strong></span> <span class='ocrx_word' id='word_1_190' title='bbox 840 3267 962 3332; x_wconf 89' lang='lat' dir='ltr'><strong>debere</strong></span> <span class='ocrx_word' id='word_1_191' title='bbox 985 3267 1043 3352; x_wconf 90' lang='lat' dir='ltr'><strong>qui</strong></span> <span class='ocrx_word' id='word_1_192' title='bbox 1066 3267 1206 3331; x_wconf 90' lang='lat' dir='ltr'><strong>meliore</strong></span> <span class='ocrx_word' id='word_1_193' title='bbox 1229 3266 1281 3331; x_wconf 90' lang='lat' dir='ltr'><strong>in-</strong></span> 
     </span>
     <span class='ocr_line' id='line_1_26' title="bbox 110 3381 1282 3472; baseline -0.003 -22"><span class='ocrx_word' id='word_1_194' title='bbox 110 3387 213 3470; x_wconf 88' lang='lat' dir='ltr'><strong>genio</strong></span> <span class='ocrx_word' id='word_1_195' title='bbox 238 3408 273 3451; x_wconf 90' lang='lat' dir='ltr'><strong>se</strong></span> <span class='ocrx_word' id='word_1_196' title='bbox 296 3385 512 3472; x_wconf 89' lang='lat' dir='ltr'><strong>profiteretur</strong></span> <span class='ocrx_word' id='word_1_197' title='bbox 535 3406 604 3449; x_wconf 92' lang='lat' dir='ltr'><strong>non</strong></span> <span class='ocrx_word' id='word_1_198' title='bbox 627 3383 726 3447; x_wconf 90' lang='lat' dir='ltr'><strong>modo</strong></span> <span class='ocrx_word' id='word_1_199' title='bbox 747 3405 852 3447; x_wconf 90' lang='lat' dir='ltr'><strong>unum</strong></span> <span class='ocrx_word' id='word_1_200' title='bbox 868 3382 927 3447; x_wconf 91' lang='lat' dir='ltr'><strong>sed</strong></span> <span class='ocrx_word' id='word_1_201' title='bbox 945 3383 1048 3447; x_wconf 90' lang='lat' dir='ltr'><strong>etiam</strong></span> <span class='ocrx_word' id='word_1_202' title='bbox 1063 3381 1176 3468; x_wconf 89' lang='lat' dir='ltr'><strong>plures</strong></span> <span class='ocrx_word' id='word_1_203' title='bbox 1193 3382 1282 3448; x_wconf 87' lang='lat' dir='ltr'><strong>alere</strong></span> 
     </span>
     <span class='ocr_line' id='line_1_27' title="bbox 109 3497 1282 3587; baseline -0.002 -21"><span class='ocrx_word' id='word_1_204' title='bbox 109 3524 219 3587; x_wconf 90' lang='lat' dir='ltr'><strong>posse.</strong></span> <span class='ocrx_word' id='word_1_205' title='bbox 266 3508 301 3566; x_wconf 92' lang='grc'><strong>61</strong></span> <span class='ocrx_word' id='word_1_206' title='bbox 324 3502 366 3567; x_wconf 91' lang='lat' dir='ltr'><strong>ad</strong></span> <span class='ocrx_word' id='word_1_207' title='bbox 390 3523 555 3566; x_wconf 90' lang='lat' dir='ltr'><strong>summam</strong></span> <span class='ocrx_word' id='word_1_208' title='bbox 579 3521 670 3563; x_wconf 89' lang='lat' dir='ltr'><strong>mors</strong></span> <span class='ocrx_word' id='word_1_209' title='bbox 686 3498 758 3563; x_wconf 87' lang='lat' dir='ltr'><strong>eius</strong></span> <span class='ocrx_word' id='word_1_210' title='bbox 775 3504 814 3563; x_wconf 89' lang='lat' dir='ltr'><strong>ut</strong></span> <span class='ocrx_word' id='word_1_211' title='bbox 829 3497 1004 3584; x_wconf 88' lang='lat' dir='ltr'><strong>parricidii</strong></span> <span class='ocrx_word' id='word_1_212' title='bbox 1020 3497 1171 3562; x_wconf 89' lang='lat' dir='ltr'><strong>damnati</strong></span> <span class='ocrx_word' id='word_1_213' title='bbox 1188 3500 1282 3564; x_wconf 83' lang='lat' dir='ltr'><strong>varie</strong></span> 
     </span>
     <span class='ocr_line' id='line_1_28' title="bbox 110 3613 1281 3699; baseline -0.003 -17"><span class='ocrx_word' id='word_1_214' title='bbox 110 3623 326 3683; x_wconf 88' lang='lat' dir='ltr'><strong>memoratur.</strong></span> <span class='ocrx_word' id='word_1_215' title='bbox 373 3617 432 3681; x_wconf 88' lang='lat' dir='ltr'><strong>alii</strong></span> <span class='ocrx_word' id='word_1_216' title='bbox 467 3616 558 3681; x_wconf 89' lang='lat' dir='ltr'><strong>enim</strong></span> <span class='ocrx_word' id='word_1_217' title='bbox 587 3615 805 3699; x_wconf 88' lang='lat' dir='ltr'><strong>scripserunt,</strong></span> <span class='ocrx_word' id='word_1_218' title='bbox 842 3635 861 3677; x_wconf 84' lang='lat' dir='ltr'><strong>a</strong></span> <span class='ocrx_word' id='word_1_219' title='bbox 889 3613 1114 3698; x_wconf 90' lang='lat' dir='ltr'><strong>Philadelpho</strong></span> <span class='ocrx_word' id='word_1_220' title='bbox 1143 3635 1217 3678; x_wconf 87' lang='lat' dir='ltr'><strong>esse</strong></span> <span class='ocrx_word' id='word_1_221' title='bbox 1244 3616 1281 3679; x_wconf 92' lang='lat' dir='ltr'><strong>in</strong></span> 
     </span>
     <span class='ocr_line' id='line_1_29' title="bbox 111 3728 1282 3818; baseline -0.004 -20"><span class='ocrx_word' id='word_1_222' title='bbox 111 3755 245 3800; x_wconf 88' lang='lat' dir='ltr'><strong>crucem</strong></span> <span class='ocrx_word' id='word_1_223' title='bbox 267 3733 382 3818; x_wconf 88' lang='lat' dir='ltr'><strong>fixum,</strong></span> <span class='ocrx_word' id='word_1_224' title='bbox 419 3731 576 3798; x_wconf 91' lang='lat' dir='ltr'><strong>nonnulli</strong></span> <span class='ocrx_word' id='word_1_225' title='bbox 600 3731 678 3796; x_wconf 81' lang='lat' dir='ltr'><strong>Chii</strong></span> <span class='ocrx_word' id='word_1_226' title='bbox 707 3731 738 3795; x_wconf 94' lang='lat' dir='ltr'><strong>ei</strong></span> <span class='ocrx_word' id='word_1_227' title='bbox 762 3751 835 3794; x_wconf 89' lang='lat' dir='ltr'><strong>esse</strong></span> <span class='ocrx_word' id='word_1_228' title='bbox 863 3728 993 3816; x_wconf 88' lang='lat' dir='ltr'><strong>lapides</strong></span> <span class='ocrx_word' id='word_1_229' title='bbox 1017 3730 1199 3815; x_wconf 88' lang='lat' dir='ltr'><strong>coniectos,</strong></span> <span class='ocrx_word' id='word_1_230' title='bbox 1223 3731 1282 3794; x_wconf 90' lang='lat' dir='ltr'><strong>alii</strong></span> 
     </span>
     <span class='ocr_line' id='line_1_30' title="bbox 111 3847 1282 3936; baseline -0.007 -19"><span class='ocrx_word' id='word_1_231' title='bbox 111 3851 277 3936; x_wconf 84' lang='lat' dir='ltr'><strong>Smyrnae</strong></span> <span class='ocrx_word' id='word_1_232' title='bbox 312 3850 430 3914; x_wconf 90' lang='lat' dir='ltr'><strong>vivum</strong></span> <span class='ocrx_word' id='word_1_233' title='bbox 466 3849 501 3913; x_wconf 92' lang='lat' dir='ltr'><strong>in</strong></span> <span class='ocrx_word' id='word_1_234' title='bbox 536 3870 656 3933; x_wconf 83' lang='lat' dir='ltr'><strong>pyram</strong></span> <span class='ocrx_word' id='word_1_235' title='bbox 688 3847 888 3912; x_wconf 86' lang='lat' dir='ltr'><strong>coniectum.</strong></span> <span class='ocrx_word' id='word_1_236' title='bbox 936 3867 1078 3930; x_wconf 87' lang='lat' dir='ltr'><strong>quorum</strong></span> <span class='ocrx_word' id='word_1_237' title='bbox 1106 3853 1221 3910; x_wconf 90' lang='lat' dir='ltr'><strong>utrum</strong></span> <span class='ocrx_word' id='word_1_238' title='bbox 1250 3847 1282 3909; x_wconf 92' lang='lat' dir='ltr'><strong>ei</strong></span> 
     </span>
     <span class='ocr_line' id='line_1_31' title="bbox 110 3961 1282 4049; baseline -0.005 -18"><span class='ocrx_word' id='word_1_239' title='bbox 110 3966 281 4049; x_wconf 88' lang='lat' dir='ltr'><strong>acciderit,</strong></span> <span class='ocrx_word' id='word_1_240' title='bbox 310 3966 456 4030; x_wconf 88' lang='lat' dir='ltr'><strong>merenti</strong></span> <span class='ocrx_word' id='word_1_241' title='bbox 485 3965 589 4049; x_wconf 86' lang='lat' dir='ltr'><strong>digna</strong></span> <span class='ocrx_word' id='word_1_242' title='bbox 617 3963 773 4029; x_wconf 88' lang='lat' dir='ltr'><strong>constitit</strong></span> <span class='ocrx_word' id='word_1_243' title='bbox 799 3983 918 4048; x_wconf 87' lang='lat' dir='ltr'><strong>poena.</strong></span> <span class='ocrx_word' id='word_1_244' title='bbox 966 3983 1035 4026; x_wconf 90' lang='lat' dir='ltr'><strong>non</strong></span> <span class='ocrx_word' id='word_1_245' title='bbox 1063 3962 1154 4026; x_wconf 90' lang='lat' dir='ltr'><strong>enim</strong></span> <span class='ocrx_word' id='word_1_246' title='bbox 1183 3961 1282 4026; x_wconf 89' lang='lat' dir='ltr'><strong>aliter</strong></span> 
     </span>
     <span class='ocr_line' id='line_1_32' title="bbox 110 4075 1281 4168; baseline -0.003 -23"><span class='ocrx_word' id='word_1_247' title='bbox 110 4080 247 4146; x_wconf 82' lang='lat' dir='ltr'><strong>videtur</strong></span> <span class='ocrx_word' id='word_1_248' title='bbox 279 4084 463 4168; x_wconf 90' lang='lat' dir='ltr'><strong>promereri</strong></span> <span class='ocrx_word' id='word_1_249' title='bbox 500 4081 558 4166; x_wconf 90' lang='lat' dir='ltr'><strong>qui</strong></span> <span class='ocrx_word' id='word_1_250' title='bbox 593 4080 676 4144; x_wconf 88' lang='lat' dir='ltr'><strong>citat</strong></span> <span class='ocrx_word' id='word_1_251' title='bbox 711 4100 767 4143; x_wconf 92' lang='lat' dir='ltr'><strong>eos</strong></span> <span class='ocrx_word' id='word_1_252' title='bbox 797 4099 939 4155; x_wconf 85' lang='lat' dir='ltr'><strong>quorum</strong></span> <span class='ocrx_word' id='word_1_253' title='bbox 962 4099 1170 4164; x_wconf 88' lang='lat' dir='ltr'><strong>responsum,</strong></span> <span class='ocrx_word' id='word_1_254' title='bbox 1199 4075 1281 4161; x_wconf 90' lang='lat' dir='ltr'><strong>quid</strong></span> 
     </span>
     <span class='ocr_line' id='line_1_33' title="bbox 111 4173 1279 4281; baseline -0.003 -21"><span class='ocrx_word' id='word_1_255' title='bbox 111 4196 279 4262; x_wconf 88' lang='lat' dir='ltr'><strong>senserint</strong></span> <span class='ocrx_word' id='word_1_256' title='bbox 302 4197 499 4281; x_wconf 67' lang='lat' dir='ltr'><strong>scribentes</strong></span> <span class='ocrx_word' id='word_1_257' title='bbox 529 4217 599 4260; x_wconf 92' lang='lat' dir='ltr'><strong>non</strong></span> <span class='ocrx_word' id='word_1_258' title='bbox 627 4201 740 4280; x_wconf 91' lang='lat' dir='ltr'><strong>potest</strong></span> <span class='ocrx_word' id='word_1_259' title='bbox 764 4173 876 4259; x_wconf 86' lang='lat' dir='ltr'><strong>coram</strong></span> <span class='ocrx_word' id='word_1_260' title='bbox 900 4193 1055 4258; x_wconf 88' lang='lat' dir='ltr'><strong>indicari.</strong></span> <span class='ocrx_word' id='word_1_261' title='bbox 1103 4214 1166 4278; x_wconf 86' lang='lat' dir='ltr'><strong>ego</strong></span> <span class='ocrx_word' id='word_1_262' title='bbox 1190 4214 1279 4276; x_wconf 82' lang='lat' dir='ltr'><strong>vero,</strong></span> 
     </span>
     <span class='ocr_line' id='line_1_34' title="bbox 111 4307 1280 4398; baseline -0.004 -21"><span class='ocrx_word' id='word_1_263' title='bbox 111 4314 244 4395; x_wconf 82' lang='lat' dir='ltr'><strong>Caesar,</strong></span> <span class='ocrx_word' id='word_1_264' title='bbox 268 4336 378 4398; x_wconf 89' lang='lat' dir='ltr'><strong>neque</strong></span> <span class='ocrx_word' id='word_1_265' title='bbox 406 4312 527 4377; x_wconf 90' lang='lat' dir='ltr'><strong>alienis</strong></span> <span class='ocrx_word' id='word_1_266' title='bbox 556 4311 726 4376; x_wconf 90' lang='lat' dir='ltr'><strong>indicibus</strong></span> <span class='ocrx_word' id='word_1_267' title='bbox 755 4312 894 4374; x_wconf 86' lang='lat' dir='ltr'><strong>mutatis</strong></span> <span class='ocrx_word' id='word_1_268' title='bbox 918 4307 1119 4394; x_wconf 87' lang='lat' dir='ltr'><strong>interposito</strong></span> <span class='ocrx_word' id='word_1_269' title='bbox 1142 4309 1280 4373; x_wconf 89' lang='lat' dir='ltr'><strong>nomine</strong></span> 
     </span>
     <span class='ocr_line' id='line_1_35' title="bbox 109 4429 648 4520; baseline -0.004 -26"><span class='ocrx_word' id='word_1_270' title='bbox 109 4451 184 4494; x_wconf 92' lang='grc'><strong>11160</strong></span> <span class='ocrx_word' id='word_1_271' title='bbox 208 4429 244 4493; x_wconf 90' lang='lat' dir='ltr'><strong>id</strong></span> <span class='ocrx_word' id='word_1_272' title='bbox 268 4431 402 4520; x_wconf 80' lang='lat' dir='ltr'><strong>protero</strong></span> <span class='ocrx_word' id='word_1_273' title='bbox 427 4451 548 4516; x_wconf 88' lang='lat' dir='ltr'><strong>corpus</strong></span> <span class='ocrx_word' id='word_1_274' title='bbox 574 4479 581 4492; x_wconf 91' lang='lat'>.</span> <span class='ocrx_word' id='word_1_275' title='bbox 608 4479 615 4493; x_wconf 86' lang='lat'><strong>.</strong></span> <span class='ocrx_word' id='word_1_276' title='bbox 642 4477 648 4493; x_wconf 92' lang='lat'><em>.</em></span> 
     </span>
    </p>
   </div>
   <div class='ocr_carea' id='block_1_4' title="bbox 0 0 1585 5118">
    <p class='ocr_par' dir='ltr' id='par_1_4' title="bbox 0 0 1585 5118">
     <span class='ocr_line' id='line_1_36' title="bbox 0 0 1585 5118; baseline 0 0"><span class='ocrx_word' id='word_1_277' title='bbox 0 0 1585 5118; x_wconf 95' lang='lat' dir='ltr'><strong> </strong></span> 
     </span>
    </p>
   </div>
  </div>
 </body>
</html>
